%YAML 1.1
%TAG !u! tag:unity3d.com,2011:
--- !u!1001 &100100000
Prefab:
  m_ObjectHideFlags: 1
  serializedVersion: 2
  m_Modification:
    m_TransformParent: {fileID: 0}
    m_Modifications: []
    m_RemovedComponents: []
  m_SourcePrefab: {fileID: 0}
  m_RootGameObject: {fileID: 1112337084996554}
  m_IsPrefabAsset: 1
--- !u!1 &1112337084996554
GameObject:
  m_ObjectHideFlags: 0
  m_CorrespondingSourceObject: {fileID: 0}
  m_PrefabInternal: {fileID: 100100000}
  serializedVersion: 6
  m_Component:
  - component: {fileID: 4886276211953340}
  - component: {fileID: 33644811975927054}
  - component: {fileID: 23565216458075912}
  - component: {fileID: 136887366153987398}
  - component: {fileID: 195061516065520072}
  - component: {fileID: 114083273735429858}
  m_Layer: 0
  m_Name: Hero
  m_TagString: Untagged
  m_Icon: {fileID: 0}
  m_NavMeshLayer: 0
  m_StaticEditorFlags: 0
  m_IsActive: 1
--- !u!4 &4886276211953340
Transform:
  m_ObjectHideFlags: 1
  m_CorrespondingSourceObject: {fileID: 0}
  m_PrefabInternal: {fileID: 100100000}
  m_GameObject: {fileID: 1112337084996554}
  m_LocalRotation: {x: -0, y: -0, z: -0, w: 1}
  m_LocalPosition: {x: 1.6793342, y: 1.4062839, z: 1.2818995}
  m_LocalScale: {x: 1, y: 1, z: 1}
  m_Children: []
  m_Father: {fileID: 0}
  m_RootOrder: 0
  m_LocalEulerAnglesHint: {x: 0, y: 0, z: 0}
--- !u!23 &23565216458075912
MeshRenderer:
  m_ObjectHideFlags: 1
  m_CorrespondingSourceObject: {fileID: 0}
  m_PrefabInternal: {fileID: 100100000}
  m_GameObject: {fileID: 1112337084996554}
  m_Enabled: 1
  m_CastShadows: 1
  m_ReceiveShadows: 1
  m_DynamicOccludee: 1
  m_MotionVectors: 1
  m_LightProbeUsage: 1
  m_ReflectionProbeUsage: 1
  m_RenderingLayerMask: 4294967295
  m_Materials:
  - {fileID: 10303, guid: 0000000000000000f000000000000000, type: 0}
  m_StaticBatchInfo:
    firstSubMesh: 0
    subMeshCount: 0
  m_StaticBatchRoot: {fileID: 0}
  m_ProbeAnchor: {fileID: 0}
  m_LightProbeVolumeOverride: {fileID: 0}
  m_ScaleInLightmap: 1
  m_PreserveUVs: 0
  m_IgnoreNormalsForChartDetection: 0
  m_ImportantGI: 0
  m_StitchLightmapSeams: 0
  m_SelectedEditorRenderState: 3
  m_MinimumChartSize: 4
  m_AutoUVMaxDistance: 0.5
  m_AutoUVMaxAngle: 89
  m_LightmapParameters: {fileID: 0}
  m_SortingLayerID: 0
  m_SortingLayer: 0
  m_SortingOrder: 0
--- !u!33 &33644811975927054
MeshFilter:
  m_ObjectHideFlags: 1
  m_CorrespondingSourceObject: {fileID: 0}
  m_PrefabInternal: {fileID: 100100000}
  m_GameObject: {fileID: 1112337084996554}
  m_Mesh: {fileID: 10208, guid: 0000000000000000e000000000000000, type: 0}
--- !u!114 &114083273735429858
MonoBehaviour:
  m_ObjectHideFlags: 1
  m_CorrespondingSourceObject: {fileID: 0}
  m_PrefabInternal: {fileID: 100100000}
  m_GameObject: {fileID: 1112337084996554}
  m_Enabled: 1
  m_EditorHideFlags: 0
  m_Script: {fileID: 11500000, guid: e73239b19ae611543b7e3892c56ed105, type: 3}
  m_Name: 
  m_EditorClassIdentifier: 
  internal_Enabled: 0
  internal_ExecutionOrder: 0
  DEBUG_MOD: 1
  DebugLines: {fileID: 0}
  UnderControll: 1
  GroupControll: 1
  Controllable: 1
  Info: {fileID: 11400000, guid: 2ac6116eb4d3a824995bb01d55cef165, type: 2}
  Life: 100
  Mana: 100
  Agility: 100
  Armour: 0
  MainAbilities:
  - {fileID: 11400000, guid: 5a76575adfbaad54c9b262d21039c2e0, type: 2}
  - {fileID: 11400000, guid: 8aaaa4fab6ed88d46a94850143da2f33, type: 2}
  - {fileID: 0}
  - {fileID: 0}
  - {fileID: 0}
  BornAbilities:
  - {fileID: 11400000, guid: 5d001af67d0ef2341a2a6cfa5243aef6, type: 2}
  - {fileID: 11400000, guid: 276cf1b024601ba4ea09794417618ab1, type: 2}
  BaffAbilities: []
  Target: {fileID: 0}
  LastDamager: {fileID: 0}
  status: 0
  astatus: 0
  BehaviorTime: 0
  animstatus: 0
  Type: 
  Team: 
  IsTrooper: 0
  LookSphereRadius: 0
  Height: 0
  waypoints: []
  ICF_Instance: {fileID: 11400000, guid: 2a06c40231d6c014a90bd3a5dca9418f, type: 2}
--- !u!136 &136887366153987398
CapsuleCollider:
  m_ObjectHideFlags: 1
  m_CorrespondingSourceObject: {fileID: 0}
  m_PrefabInternal: {fileID: 100100000}
  m_GameObject: {fileID: 1112337084996554}
  m_Material: {fileID: 0}
  m_IsTrigger: 0
  m_Enabled: 1
  m_Radius: 0.5
  m_Height: 2
  m_Direction: 1
  m_Center: {x: 0, y: 0, z: 0}
--- !u!195 &195061516065520072
NavMeshAgent:
  m_ObjectHideFlags: 1
  m_CorrespondingSourceObject: {fileID: 0}
  m_PrefabInternal: {fileID: 100100000}
  m_GameObject: {fileID: 1112337084996554}
  m_Enabled: 1
  m_AgentTypeID: 0
  m_Radius: 0.5
  m_Speed: 9
  m_Acceleration: 40
  avoidancePriority: 50
  m_AngularSpeed: 500
  m_StoppingDistance: 0
  m_AutoTraverseOffMeshLink: 1
  m_AutoBraking: 1
  m_AutoRepath: 1
  m_Height: 2
  m_BaseOffset: 1
  m_WalkableMask: 4294967295
  m_ObstacleAvoidanceType: 4
