%YAML 1.1
%TAG !u! tag:unity3d.com,2011:
--- !u!1001 &100100000
Prefab:
  m_ObjectHideFlags: 1
  serializedVersion: 2
  m_Modification:
    m_TransformParent: {fileID: 0}
    m_Modifications: []
    m_RemovedComponents: []
  m_SourcePrefab: {fileID: 0}
  m_RootGameObject: {fileID: 1494302162821842}
  m_IsPrefabAsset: 1
--- !u!1 &1018951083647116
GameObject:
  m_ObjectHideFlags: 1
  m_CorrespondingSourceObject: {fileID: 0}
  m_PrefabInternal: {fileID: 100100000}
  serializedVersion: 6
  m_Component:
  - component: {fileID: 4722431613942992}
  m_Layer: 0
  m_Name: skeleton_knight_ L UpperArm
  m_TagString: Untagged
  m_Icon: {fileID: 0}
  m_NavMeshLayer: 0
  m_StaticEditorFlags: 0
  m_IsActive: 1
--- !u!1 &1021107876777202
GameObject:
  m_ObjectHideFlags: 1
  m_CorrespondingSourceObject: {fileID: 0}
  m_PrefabInternal: {fileID: 100100000}
  serializedVersion: 6
  m_Component:
  - component: {fileID: 4609726475244332}
  m_Layer: 0
  m_Name: skeleton_knight_ L Finger2
  m_TagString: Untagged
  m_Icon: {fileID: 0}
  m_NavMeshLayer: 0
  m_StaticEditorFlags: 0
  m_IsActive: 1
--- !u!1 &1052179921640946
GameObject:
  m_ObjectHideFlags: 1
  m_CorrespondingSourceObject: {fileID: 0}
  m_PrefabInternal: {fileID: 100100000}
  serializedVersion: 6
  m_Component:
  - component: {fileID: 4896023589420166}
  m_Layer: 0
  m_Name: skeleton_knight_ R Finger4
  m_TagString: Untagged
  m_Icon: {fileID: 0}
  m_NavMeshLayer: 0
  m_StaticEditorFlags: 0
  m_IsActive: 1
--- !u!1 &1052685928135524
GameObject:
  m_ObjectHideFlags: 1
  m_CorrespondingSourceObject: {fileID: 0}
  m_PrefabInternal: {fileID: 100100000}
  serializedVersion: 6
  m_Component:
  - component: {fileID: 4303488455753986}
  m_Layer: 0
  m_Name: skeleton_knight_ L Finger32
  m_TagString: Untagged
  m_Icon: {fileID: 0}
  m_NavMeshLayer: 0
  m_StaticEditorFlags: 0
  m_IsActive: 1
--- !u!1 &1055115789683340
GameObject:
  m_ObjectHideFlags: 1
  m_CorrespondingSourceObject: {fileID: 0}
  m_PrefabInternal: {fileID: 100100000}
  serializedVersion: 6
  m_Component:
  - component: {fileID: 4961996989915098}
  m_Layer: 0
  m_Name: skeleton_knight_ R Toe0
  m_TagString: Untagged
  m_Icon: {fileID: 0}
  m_NavMeshLayer: 0
  m_StaticEditorFlags: 0
  m_IsActive: 1
--- !u!1 &1060908418374214
GameObject:
  m_ObjectHideFlags: 1
  m_CorrespondingSourceObject: {fileID: 0}
  m_PrefabInternal: {fileID: 100100000}
  serializedVersion: 6
  m_Component:
  - component: {fileID: 4332893056992442}
  m_Layer: 0
  m_Name: skeleton_knight_ R Finger32
  m_TagString: Untagged
  m_Icon: {fileID: 0}
  m_NavMeshLayer: 0
  m_StaticEditorFlags: 0
  m_IsActive: 1
--- !u!1 &1068812062955716
GameObject:
  m_ObjectHideFlags: 1
  m_CorrespondingSourceObject: {fileID: 0}
  m_PrefabInternal: {fileID: 100100000}
  serializedVersion: 6
  m_Component:
  - component: {fileID: 4261238174533284}
  m_Layer: 0
  m_Name: skeleton_knight_ Head
  m_TagString: Untagged
  m_Icon: {fileID: 0}
  m_NavMeshLayer: 0
  m_StaticEditorFlags: 0
  m_IsActive: 1
--- !u!1 &1072997025178440
GameObject:
  m_ObjectHideFlags: 1
  m_CorrespondingSourceObject: {fileID: 0}
  m_PrefabInternal: {fileID: 100100000}
  serializedVersion: 6
  m_Component:
  - component: {fileID: 4630257724227778}
  m_Layer: 0
  m_Name: skeleton_knight_ L Finger12
  m_TagString: Untagged
  m_Icon: {fileID: 0}
  m_NavMeshLayer: 0
  m_StaticEditorFlags: 0
  m_IsActive: 1
--- !u!1 &1073035469339768
GameObject:
  m_ObjectHideFlags: 1
  m_CorrespondingSourceObject: {fileID: 0}
  m_PrefabInternal: {fileID: 100100000}
  serializedVersion: 6
  m_Component:
  - component: {fileID: 4240150757102294}
  m_Layer: 0
  m_Name: skeleton_knight_ L Finger21
  m_TagString: Untagged
  m_Icon: {fileID: 0}
  m_NavMeshLayer: 0
  m_StaticEditorFlags: 0
  m_IsActive: 1
--- !u!1 &1082227693556940
GameObject:
  m_ObjectHideFlags: 1
  m_CorrespondingSourceObject: {fileID: 0}
  m_PrefabInternal: {fileID: 100100000}
  serializedVersion: 6
  m_Component:
  - component: {fileID: 4075170042007388}
  m_Layer: 0
  m_Name: skeleton_knight_ R Finger42
  m_TagString: Untagged
  m_Icon: {fileID: 0}
  m_NavMeshLayer: 0
  m_StaticEditorFlags: 0
  m_IsActive: 1
--- !u!1 &1082942758874842
GameObject:
  m_ObjectHideFlags: 1
  m_CorrespondingSourceObject: {fileID: 0}
  m_PrefabInternal: {fileID: 100100000}
  serializedVersion: 6
  m_Component:
  - component: {fileID: 4561662206864446}
  m_Layer: 0
  m_Name: skeleton_knight_ L Clavicle
  m_TagString: Untagged
  m_Icon: {fileID: 0}
  m_NavMeshLayer: 0
  m_StaticEditorFlags: 0
  m_IsActive: 1
--- !u!1 &1085275011538600
GameObject:
  m_ObjectHideFlags: 1
  m_CorrespondingSourceObject: {fileID: 0}
  m_PrefabInternal: {fileID: 100100000}
  serializedVersion: 6
  m_Component:
  - component: {fileID: 4515545534946916}
  - component: {fileID: 33377672873178502}
  - component: {fileID: 23748571452274036}
  m_Layer: 0
  m_Name: SWORD
  m_TagString: Untagged
  m_Icon: {fileID: 0}
  m_NavMeshLayer: 0
  m_StaticEditorFlags: 0
  m_IsActive: 1
--- !u!1 &1117197004347876
GameObject:
  m_ObjectHideFlags: 1
  m_CorrespondingSourceObject: {fileID: 0}
  m_PrefabInternal: {fileID: 100100000}
  serializedVersion: 6
  m_Component:
  - component: {fileID: 4088874823977208}
  m_Layer: 0
  m_Name: skeleton_knight_ L Foot
  m_TagString: Untagged
  m_Icon: {fileID: 0}
  m_NavMeshLayer: 0
  m_StaticEditorFlags: 0
  m_IsActive: 1
--- !u!1 &1159065075655750
GameObject:
  m_ObjectHideFlags: 1
  m_CorrespondingSourceObject: {fileID: 0}
  m_PrefabInternal: {fileID: 100100000}
  serializedVersion: 6
  m_Component:
  - component: {fileID: 4665351076105554}
  m_Layer: 0
  m_Name: skeleton_knight_ Spine1
  m_TagString: Untagged
  m_Icon: {fileID: 0}
  m_NavMeshLayer: 0
  m_StaticEditorFlags: 0
  m_IsActive: 1
--- !u!1 &1163189467603302
GameObject:
  m_ObjectHideFlags: 1
  m_CorrespondingSourceObject: {fileID: 0}
  m_PrefabInternal: {fileID: 100100000}
  serializedVersion: 6
  m_Component:
  - component: {fileID: 4754742349809090}
  m_Layer: 0
  m_Name: skeleton_knight_ R Toe02
  m_TagString: Untagged
  m_Icon: {fileID: 0}
  m_NavMeshLayer: 0
  m_StaticEditorFlags: 0
  m_IsActive: 1
--- !u!1 &1167176666272936
GameObject:
  m_ObjectHideFlags: 1
  m_CorrespondingSourceObject: {fileID: 0}
  m_PrefabInternal: {fileID: 100100000}
  serializedVersion: 6
  m_Component:
  - component: {fileID: 4340940646995492}
  m_Layer: 0
  m_Name: skeleton_knight_ L Hand
  m_TagString: Untagged
  m_Icon: {fileID: 0}
  m_NavMeshLayer: 0
  m_StaticEditorFlags: 0
  m_IsActive: 1
--- !u!1 &1192067207604856
GameObject:
  m_ObjectHideFlags: 1
  m_CorrespondingSourceObject: {fileID: 0}
  m_PrefabInternal: {fileID: 100100000}
  serializedVersion: 6
  m_Component:
  - component: {fileID: 4047476621264984}
  m_Layer: 0
  m_Name: skeleton_knight_ R Toe01
  m_TagString: Untagged
  m_Icon: {fileID: 0}
  m_NavMeshLayer: 0
  m_StaticEditorFlags: 0
  m_IsActive: 1
--- !u!1 &1197877365147060
GameObject:
  m_ObjectHideFlags: 1
  m_CorrespondingSourceObject: {fileID: 0}
  m_PrefabInternal: {fileID: 100100000}
  serializedVersion: 6
  m_Component:
  - component: {fileID: 4215209044195778}
  m_Layer: 0
  m_Name: skeleton_knight_ Spine2
  m_TagString: Untagged
  m_Icon: {fileID: 0}
  m_NavMeshLayer: 0
  m_StaticEditorFlags: 0
  m_IsActive: 1
--- !u!1 &1219862611884882
GameObject:
  m_ObjectHideFlags: 1
  m_CorrespondingSourceObject: {fileID: 0}
  m_PrefabInternal: {fileID: 100100000}
  serializedVersion: 6
  m_Component:
  - component: {fileID: 4353594357936352}
  m_Layer: 0
  m_Name: skeleton_knight_ R Thigh
  m_TagString: Untagged
  m_Icon: {fileID: 0}
  m_NavMeshLayer: 0
  m_StaticEditorFlags: 0
  m_IsActive: 1
--- !u!1 &1249867772436664
GameObject:
  m_ObjectHideFlags: 1
  m_CorrespondingSourceObject: {fileID: 0}
  m_PrefabInternal: {fileID: 100100000}
  serializedVersion: 6
  m_Component:
  - component: {fileID: 4433917583778774}
  m_Layer: 0
  m_Name: skeleton_knight_ L Finger41
  m_TagString: Untagged
  m_Icon: {fileID: 0}
  m_NavMeshLayer: 0
  m_StaticEditorFlags: 0
  m_IsActive: 1
--- !u!1 &1273002614692362
GameObject:
  m_ObjectHideFlags: 1
  m_CorrespondingSourceObject: {fileID: 0}
  m_PrefabInternal: {fileID: 100100000}
  serializedVersion: 6
  m_Component:
  - component: {fileID: 4967107579937672}
  m_Layer: 0
  m_Name: skeleton_knight_ R Finger3
  m_TagString: Untagged
  m_Icon: {fileID: 0}
  m_NavMeshLayer: 0
  m_StaticEditorFlags: 0
  m_IsActive: 1
--- !u!1 &1277180023873408
GameObject:
  m_ObjectHideFlags: 0
  m_CorrespondingSourceObject: {fileID: 0}
  m_PrefabInternal: {fileID: 100100000}
  serializedVersion: 6
  m_Component:
  - component: {fileID: 4330117874254100}
  - component: {fileID: 137855845194861674}
  m_Layer: 0
  m_Name: PROTECTION
  m_TagString: Untagged
  m_Icon: {fileID: 0}
  m_NavMeshLayer: 0
  m_StaticEditorFlags: 0
  m_IsActive: 1
--- !u!1 &1279500362916708
GameObject:
  m_ObjectHideFlags: 1
  m_CorrespondingSourceObject: {fileID: 0}
  m_PrefabInternal: {fileID: 100100000}
  serializedVersion: 6
  m_Component:
  - component: {fileID: 4919037142805574}
  m_Layer: 0
  m_Name: skeleton_knight_ R Finger22
  m_TagString: Untagged
  m_Icon: {fileID: 0}
  m_NavMeshLayer: 0
  m_StaticEditorFlags: 0
  m_IsActive: 1
--- !u!1 &1299286788818818
GameObject:
  m_ObjectHideFlags: 1
  m_CorrespondingSourceObject: {fileID: 0}
  m_PrefabInternal: {fileID: 100100000}
  serializedVersion: 6
  m_Component:
  - component: {fileID: 4972955836344504}
  m_Layer: 0
  m_Name: skeleton_knight_ Neck
  m_TagString: Untagged
  m_Icon: {fileID: 0}
  m_NavMeshLayer: 0
  m_StaticEditorFlags: 0
  m_IsActive: 1
--- !u!1 &1312065484104948
GameObject:
  m_ObjectHideFlags: 1
  m_CorrespondingSourceObject: {fileID: 0}
  m_PrefabInternal: {fileID: 100100000}
  serializedVersion: 6
  m_Component:
  - component: {fileID: 4909667661860118}
  m_Layer: 0
  m_Name: skeleton_knight_ L Finger3
  m_TagString: Untagged
  m_Icon: {fileID: 0}
  m_NavMeshLayer: 0
  m_StaticEditorFlags: 0
  m_IsActive: 1
--- !u!1 &1318440388695134
GameObject:
  m_ObjectHideFlags: 1
  m_CorrespondingSourceObject: {fileID: 0}
  m_PrefabInternal: {fileID: 100100000}
  serializedVersion: 6
  m_Component:
  - component: {fileID: 4449585663716108}
  m_Layer: 0
  m_Name: skeleton_knight_ R Finger02
  m_TagString: Untagged
  m_Icon: {fileID: 0}
  m_NavMeshLayer: 0
  m_StaticEditorFlags: 0
  m_IsActive: 1
--- !u!1 &1322089989361980
GameObject:
  m_ObjectHideFlags: 1
  m_CorrespondingSourceObject: {fileID: 0}
  m_PrefabInternal: {fileID: 100100000}
  serializedVersion: 6
  m_Component:
  - component: {fileID: 4320098153369678}
  m_Layer: 0
  m_Name: skeleton_knight_ L Finger22
  m_TagString: Untagged
  m_Icon: {fileID: 0}
  m_NavMeshLayer: 0
  m_StaticEditorFlags: 0
  m_IsActive: 1
--- !u!1 &1353732331303328
GameObject:
  m_ObjectHideFlags: 1
  m_CorrespondingSourceObject: {fileID: 0}
  m_PrefabInternal: {fileID: 100100000}
  serializedVersion: 6
  m_Component:
  - component: {fileID: 4528449667211616}
  m_Layer: 0
  m_Name: skeleton_knight_ L Finger1
  m_TagString: Untagged
  m_Icon: {fileID: 0}
  m_NavMeshLayer: 0
  m_StaticEditorFlags: 0
  m_IsActive: 1
--- !u!1 &1357663036307592
GameObject:
  m_ObjectHideFlags: 1
  m_CorrespondingSourceObject: {fileID: 0}
  m_PrefabInternal: {fileID: 100100000}
  serializedVersion: 6
  m_Component:
  - component: {fileID: 4531909301625272}
  m_Layer: 0
  m_Name: skeleton_knight_ R Finger11
  m_TagString: Untagged
  m_Icon: {fileID: 0}
  m_NavMeshLayer: 0
  m_StaticEditorFlags: 0
  m_IsActive: 1
--- !u!1 &1362535529237644
GameObject:
  m_ObjectHideFlags: 1
  m_CorrespondingSourceObject: {fileID: 0}
  m_PrefabInternal: {fileID: 100100000}
  serializedVersion: 6
  m_Component:
  - component: {fileID: 4068738254878050}
  m_Layer: 0
  m_Name: skeleton_knight_ L Toe02
  m_TagString: Untagged
  m_Icon: {fileID: 0}
  m_NavMeshLayer: 0
  m_StaticEditorFlags: 0
  m_IsActive: 1
--- !u!1 &1405655049022676
GameObject:
  m_ObjectHideFlags: 1
  m_CorrespondingSourceObject: {fileID: 0}
  m_PrefabInternal: {fileID: 100100000}
  serializedVersion: 6
  m_Component:
  - component: {fileID: 4933192747725426}
  m_Layer: 0
  m_Name: skeleton_knight_ L Finger42
  m_TagString: Untagged
  m_Icon: {fileID: 0}
  m_NavMeshLayer: 0
  m_StaticEditorFlags: 0
  m_IsActive: 1
--- !u!1 &1410605936780114
GameObject:
  m_ObjectHideFlags: 1
  m_CorrespondingSourceObject: {fileID: 0}
  m_PrefabInternal: {fileID: 100100000}
  serializedVersion: 6
  m_Component:
  - component: {fileID: 4136589722417958}
  m_Layer: 0
  m_Name: skeleton_knight_ R Finger12
  m_TagString: Untagged
  m_Icon: {fileID: 0}
  m_NavMeshLayer: 0
  m_StaticEditorFlags: 0
  m_IsActive: 1
--- !u!1 &1414888538205440
GameObject:
  m_ObjectHideFlags: 1
  m_CorrespondingSourceObject: {fileID: 0}
  m_PrefabInternal: {fileID: 100100000}
  serializedVersion: 6
  m_Component:
  - component: {fileID: 4659000530193820}
  m_Layer: 0
  m_Name: skeleton_knight_ L Finger11
  m_TagString: Untagged
  m_Icon: {fileID: 0}
  m_NavMeshLayer: 0
  m_StaticEditorFlags: 0
  m_IsActive: 1
--- !u!1 &1481996566547682
GameObject:
  m_ObjectHideFlags: 1
  m_CorrespondingSourceObject: {fileID: 0}
  m_PrefabInternal: {fileID: 100100000}
  serializedVersion: 6
  m_Component:
  - component: {fileID: 4176356105779934}
  m_Layer: 0
  m_Name: skeleton_knight_ L Finger4
  m_TagString: Untagged
  m_Icon: {fileID: 0}
  m_NavMeshLayer: 0
  m_StaticEditorFlags: 0
  m_IsActive: 1
--- !u!1 &1494302162821842
GameObject:
  m_ObjectHideFlags: 0
  m_CorrespondingSourceObject: {fileID: 0}
  m_PrefabInternal: {fileID: 100100000}
  serializedVersion: 6
  m_Component:
  - component: {fileID: 4981664503169042}
  - component: {fileID: 95439699397937092}
  - component: {fileID: 114310479494612102}
  - component: {fileID: 195489260487126682}
  - component: {fileID: 135071194438706200}
  m_Layer: 0
  m_Name: Skeleton
  m_TagString: Untagged
  m_Icon: {fileID: 0}
  m_NavMeshLayer: 0
  m_StaticEditorFlags: 0
  m_IsActive: 1
--- !u!1 &1514609841256938
GameObject:
  m_ObjectHideFlags: 1
  m_CorrespondingSourceObject: {fileID: 0}
  m_PrefabInternal: {fileID: 100100000}
  serializedVersion: 6
  m_Component:
  - component: {fileID: 4346056266333792}
  m_Layer: 0
  m_Name: skeleton_knight_ L Finger31
  m_TagString: Untagged
  m_Icon: {fileID: 0}
  m_NavMeshLayer: 0
  m_StaticEditorFlags: 0
  m_IsActive: 1
--- !u!1 &1533357115899448
GameObject:
  m_ObjectHideFlags: 1
  m_CorrespondingSourceObject: {fileID: 0}
  m_PrefabInternal: {fileID: 100100000}
  serializedVersion: 6
  m_Component:
  - component: {fileID: 4914500651335752}
  m_Layer: 0
  m_Name: skeleton_knight_ L Finger01
  m_TagString: Untagged
  m_Icon: {fileID: 0}
  m_NavMeshLayer: 0
  m_StaticEditorFlags: 0
  m_IsActive: 1
--- !u!1 &1535463393056100
GameObject:
  m_ObjectHideFlags: 1
  m_CorrespondingSourceObject: {fileID: 0}
  m_PrefabInternal: {fileID: 100100000}
  serializedVersion: 6
  m_Component:
  - component: {fileID: 4930496295019220}
  m_Layer: 0
  m_Name: skeleton_knight_ L Toe0
  m_TagString: Untagged
  m_Icon: {fileID: 0}
  m_NavMeshLayer: 0
  m_StaticEditorFlags: 0
  m_IsActive: 1
--- !u!1 &1569381467785550
GameObject:
  m_ObjectHideFlags: 1
  m_CorrespondingSourceObject: {fileID: 0}
  m_PrefabInternal: {fileID: 100100000}
  serializedVersion: 6
  m_Component:
  - component: {fileID: 4123780854708056}
  m_Layer: 0
  m_Name: skeleton_knight_ R Forearm
  m_TagString: Untagged
  m_Icon: {fileID: 0}
  m_NavMeshLayer: 0
  m_StaticEditorFlags: 0
  m_IsActive: 1
--- !u!1 &1579484966288654
GameObject:
  m_ObjectHideFlags: 1
  m_CorrespondingSourceObject: {fileID: 0}
  m_PrefabInternal: {fileID: 100100000}
  serializedVersion: 6
  m_Component:
  - component: {fileID: 4806959287039572}
  - component: {fileID: 33877603652463714}
  - component: {fileID: 23938637900994598}
  m_Layer: 0
  m_Name: WEAPON_BONE
  m_TagString: Untagged
  m_Icon: {fileID: 0}
  m_NavMeshLayer: 0
  m_StaticEditorFlags: 0
  m_IsActive: 1
--- !u!1 &1594901416741742
GameObject:
  m_ObjectHideFlags: 1
  m_CorrespondingSourceObject: {fileID: 0}
  m_PrefabInternal: {fileID: 100100000}
  serializedVersion: 6
  m_Component:
  - component: {fileID: 4967028371337086}
  m_Layer: 0
  m_Name: skeleton_knight_ L Toe01
  m_TagString: Untagged
  m_Icon: {fileID: 0}
  m_NavMeshLayer: 0
  m_StaticEditorFlags: 0
  m_IsActive: 1
--- !u!1 &1621107461731490
GameObject:
  m_ObjectHideFlags: 1
  m_CorrespondingSourceObject: {fileID: 0}
  m_PrefabInternal: {fileID: 100100000}
  serializedVersion: 6
  m_Component:
  - component: {fileID: 4873875483177634}
  m_Layer: 0
  m_Name: skeleton_knight_ R Finger41
  m_TagString: Untagged
  m_Icon: {fileID: 0}
  m_NavMeshLayer: 0
  m_StaticEditorFlags: 0
  m_IsActive: 1
--- !u!1 &1644982664866212
GameObject:
  m_ObjectHideFlags: 1
  m_CorrespondingSourceObject: {fileID: 0}
  m_PrefabInternal: {fileID: 100100000}
  serializedVersion: 6
  m_Component:
  - component: {fileID: 4400874118739186}
  m_Layer: 0
  m_Name: skeleton_knight_ R Clavicle
  m_TagString: Untagged
  m_Icon: {fileID: 0}
  m_NavMeshLayer: 0
  m_StaticEditorFlags: 0
  m_IsActive: 1
--- !u!1 &1659312032199416
GameObject:
  m_ObjectHideFlags: 1
  m_CorrespondingSourceObject: {fileID: 0}
  m_PrefabInternal: {fileID: 100100000}
  serializedVersion: 6
  m_Component:
  - component: {fileID: 4077690744860834}
  m_Layer: 0
  m_Name: skeleton_knight_ L Forearm
  m_TagString: Untagged
  m_Icon: {fileID: 0}
  m_NavMeshLayer: 0
  m_StaticEditorFlags: 0
  m_IsActive: 1
--- !u!1 &1666186558902974
GameObject:
  m_ObjectHideFlags: 1
  m_CorrespondingSourceObject: {fileID: 0}
  m_PrefabInternal: {fileID: 100100000}
  serializedVersion: 6
  m_Component:
  - component: {fileID: 4867898521827262}
  - component: {fileID: 33033508814843878}
  - component: {fileID: 23605640997580620}
  m_Layer: 0
  m_Name: HELMET
  m_TagString: Untagged
  m_Icon: {fileID: 0}
  m_NavMeshLayer: 0
  m_StaticEditorFlags: 0
  m_IsActive: 1
--- !u!1 &1687770772497002
GameObject:
  m_ObjectHideFlags: 1
  m_CorrespondingSourceObject: {fileID: 0}
  m_PrefabInternal: {fileID: 100100000}
  serializedVersion: 6
  m_Component:
  - component: {fileID: 4140815239728838}
  m_Layer: 0
  m_Name: skeleton_knight_ L Finger0
  m_TagString: Untagged
  m_Icon: {fileID: 0}
  m_NavMeshLayer: 0
  m_StaticEditorFlags: 0
  m_IsActive: 1
--- !u!1 &1697058851043350
GameObject:
  m_ObjectHideFlags: 1
  m_CorrespondingSourceObject: {fileID: 0}
  m_PrefabInternal: {fileID: 100100000}
  serializedVersion: 6
  m_Component:
  - component: {fileID: 4483262569975514}
  m_Layer: 0
  m_Name: skeleton_knight_ Pelvis
  m_TagString: Untagged
  m_Icon: {fileID: 0}
  m_NavMeshLayer: 0
  m_StaticEditorFlags: 0
  m_IsActive: 1
--- !u!1 &1697779876940002
GameObject:
  m_ObjectHideFlags: 1
  m_CorrespondingSourceObject: {fileID: 0}
  m_PrefabInternal: {fileID: 100100000}
  serializedVersion: 6
  m_Component:
  - component: {fileID: 4966475402255190}
  m_Layer: 0
  m_Name: skeleton_knight_ L Finger02
  m_TagString: Untagged
  m_Icon: {fileID: 0}
  m_NavMeshLayer: 0
  m_StaticEditorFlags: 0
  m_IsActive: 1
--- !u!1 &1708458945803090
GameObject:
  m_ObjectHideFlags: 0
  m_CorrespondingSourceObject: {fileID: 0}
  m_PrefabInternal: {fileID: 100100000}
  serializedVersion: 6
  m_Component:
  - component: {fileID: 4046060244297340}
  m_Layer: 0
  m_Name: skeleton_knight_
  m_TagString: Untagged
  m_Icon: {fileID: 0}
  m_NavMeshLayer: 0
  m_StaticEditorFlags: 0
  m_IsActive: 1
--- !u!1 &1726454478431144
GameObject:
  m_ObjectHideFlags: 1
  m_CorrespondingSourceObject: {fileID: 0}
  m_PrefabInternal: {fileID: 100100000}
  serializedVersion: 6
  m_Component:
  - component: {fileID: 4811516055771864}
  - component: {fileID: 33191769495339342}
  - component: {fileID: 23609800905092838}
  m_Layer: 0
  m_Name: 2HANDED_SWORD
  m_TagString: Untagged
  m_Icon: {fileID: 0}
  m_NavMeshLayer: 0
  m_StaticEditorFlags: 0
  m_IsActive: 1
--- !u!1 &1733786242194958
GameObject:
  m_ObjectHideFlags: 0
  m_CorrespondingSourceObject: {fileID: 0}
  m_PrefabInternal: {fileID: 100100000}
  serializedVersion: 6
  m_Component:
  - component: {fileID: 4593204669496800}
  - component: {fileID: 137259484753678898}
  m_Layer: 0
  m_Name: skeleton_knight
  m_TagString: Untagged
  m_Icon: {fileID: 0}
  m_NavMeshLayer: 0
  m_StaticEditorFlags: 0
  m_IsActive: 1
--- !u!1 &1766510586563302
GameObject:
  m_ObjectHideFlags: 1
  m_CorrespondingSourceObject: {fileID: 0}
  m_PrefabInternal: {fileID: 100100000}
  serializedVersion: 6
  m_Component:
  - component: {fileID: 4840944800489866}
  m_Layer: 0
  m_Name: skeleton_knight_ R Calf
  m_TagString: Untagged
  m_Icon: {fileID: 0}
  m_NavMeshLayer: 0
  m_StaticEditorFlags: 0
  m_IsActive: 1
--- !u!1 &1766747500991858
GameObject:
  m_ObjectHideFlags: 1
  m_CorrespondingSourceObject: {fileID: 0}
  m_PrefabInternal: {fileID: 100100000}
  serializedVersion: 6
  m_Component:
  - component: {fileID: 4578007846469782}
  m_Layer: 0
  m_Name: skeleton_knight_ L Calf
  m_TagString: Untagged
  m_Icon: {fileID: 0}
  m_NavMeshLayer: 0
  m_StaticEditorFlags: 0
  m_IsActive: 1
--- !u!1 &1790611281373390
GameObject:
  m_ObjectHideFlags: 1
  m_CorrespondingSourceObject: {fileID: 0}
  m_PrefabInternal: {fileID: 100100000}
  serializedVersion: 6
  m_Component:
  - component: {fileID: 4151790825153028}
  m_Layer: 0
  m_Name: skeleton_knight_ R Finger01
  m_TagString: Untagged
  m_Icon: {fileID: 0}
  m_NavMeshLayer: 0
  m_StaticEditorFlags: 0
  m_IsActive: 1
--- !u!1 &1802657325606672
GameObject:
  m_ObjectHideFlags: 1
  m_CorrespondingSourceObject: {fileID: 0}
  m_PrefabInternal: {fileID: 100100000}
  serializedVersion: 6
  m_Component:
  - component: {fileID: 4584628903624142}
  - component: {fileID: 33187087614795254}
  - component: {fileID: 23927481623962992}
  m_Layer: 0
  m_Name: SHIELD
  m_TagString: Untagged
  m_Icon: {fileID: 0}
  m_NavMeshLayer: 0
  m_StaticEditorFlags: 0
  m_IsActive: 1
--- !u!1 &1813366423868998
GameObject:
  m_ObjectHideFlags: 1
  m_CorrespondingSourceObject: {fileID: 0}
  m_PrefabInternal: {fileID: 100100000}
  serializedVersion: 6
  m_Component:
  - component: {fileID: 4213859154359292}
  m_Layer: 0
  m_Name: skeleton_knight_ L Thigh
  m_TagString: Untagged
  m_Icon: {fileID: 0}
  m_NavMeshLayer: 0
  m_StaticEditorFlags: 0
  m_IsActive: 1
--- !u!1 &1822389287990298
GameObject:
  m_ObjectHideFlags: 1
  m_CorrespondingSourceObject: {fileID: 0}
  m_PrefabInternal: {fileID: 100100000}
  serializedVersion: 6
  m_Component:
  - component: {fileID: 4329233108589414}
  m_Layer: 0
  m_Name: skeleton_knight_ R Finger0
  m_TagString: Untagged
  m_Icon: {fileID: 0}
  m_NavMeshLayer: 0
  m_StaticEditorFlags: 0
  m_IsActive: 1
--- !u!1 &1860820134018858
GameObject:
  m_ObjectHideFlags: 1
  m_CorrespondingSourceObject: {fileID: 0}
  m_PrefabInternal: {fileID: 100100000}
  serializedVersion: 6
  m_Component:
  - component: {fileID: 4824732182859188}
  m_Layer: 0
  m_Name: skeleton_knight_ R Hand
  m_TagString: Untagged
  m_Icon: {fileID: 0}
  m_NavMeshLayer: 0
  m_StaticEditorFlags: 0
  m_IsActive: 1
--- !u!1 &1870042125933932
GameObject:
  m_ObjectHideFlags: 1
  m_CorrespondingSourceObject: {fileID: 0}
  m_PrefabInternal: {fileID: 100100000}
  serializedVersion: 6
  m_Component:
  - component: {fileID: 4856494723728648}
  m_Layer: 0
  m_Name: skeleton_knight_ R Finger1
  m_TagString: Untagged
  m_Icon: {fileID: 0}
  m_NavMeshLayer: 0
  m_StaticEditorFlags: 0
  m_IsActive: 1
--- !u!1 &1881356193694086
GameObject:
  m_ObjectHideFlags: 1
  m_CorrespondingSourceObject: {fileID: 0}
  m_PrefabInternal: {fileID: 100100000}
  serializedVersion: 6
  m_Component:
  - component: {fileID: 4008907505828824}
  m_Layer: 0
  m_Name: skeleton_knight_ R Finger2
  m_TagString: Untagged
  m_Icon: {fileID: 0}
  m_NavMeshLayer: 0
  m_StaticEditorFlags: 0
  m_IsActive: 1
--- !u!1 &1885069222343758
GameObject:
  m_ObjectHideFlags: 1
  m_CorrespondingSourceObject: {fileID: 0}
  m_PrefabInternal: {fileID: 100100000}
  serializedVersion: 6
  m_Component:
  - component: {fileID: 4620960203505798}
  m_Layer: 0
  m_Name: skeleton_knight_ R Finger31
  m_TagString: Untagged
  m_Icon: {fileID: 0}
  m_NavMeshLayer: 0
  m_StaticEditorFlags: 0
  m_IsActive: 1
--- !u!1 &1907919804379358
GameObject:
  m_ObjectHideFlags: 1
  m_CorrespondingSourceObject: {fileID: 0}
  m_PrefabInternal: {fileID: 100100000}
  serializedVersion: 6
  m_Component:
  - component: {fileID: 4634643697050078}
  m_Layer: 0
  m_Name: skeleton_knight_ R Finger21
  m_TagString: Untagged
  m_Icon: {fileID: 0}
  m_NavMeshLayer: 0
  m_StaticEditorFlags: 0
  m_IsActive: 1
--- !u!1 &1927558170441692
GameObject:
  m_ObjectHideFlags: 1
  m_CorrespondingSourceObject: {fileID: 0}
  m_PrefabInternal: {fileID: 100100000}
  serializedVersion: 6
  m_Component:
  - component: {fileID: 4966387381319884}
  m_Layer: 0
  m_Name: skeleton_knight_ Spine
  m_TagString: Untagged
  m_Icon: {fileID: 0}
  m_NavMeshLayer: 0
  m_StaticEditorFlags: 0
  m_IsActive: 1
--- !u!1 &1927980838504754
GameObject:
  m_ObjectHideFlags: 1
  m_CorrespondingSourceObject: {fileID: 0}
  m_PrefabInternal: {fileID: 100100000}
  serializedVersion: 6
  m_Component:
  - component: {fileID: 4920474610965428}
  m_Layer: 0
  m_Name: skeleton_knight_ R Foot
  m_TagString: Untagged
  m_Icon: {fileID: 0}
  m_NavMeshLayer: 0
  m_StaticEditorFlags: 0
  m_IsActive: 1
--- !u!1 &1928013179283754
GameObject:
  m_ObjectHideFlags: 1
  m_CorrespondingSourceObject: {fileID: 0}
  m_PrefabInternal: {fileID: 100100000}
  serializedVersion: 6
  m_Component:
  - component: {fileID: 4907599669888552}
  m_Layer: 0
  m_Name: skeleton_knight_ R UpperArm
  m_TagString: Untagged
  m_Icon: {fileID: 0}
  m_NavMeshLayer: 0
  m_StaticEditorFlags: 0
  m_IsActive: 1
--- !u!1 &1960291496001698
GameObject:
  m_ObjectHideFlags: 1
  m_CorrespondingSourceObject: {fileID: 0}
  m_PrefabInternal: {fileID: 100100000}
  serializedVersion: 6
  m_Component:
  - component: {fileID: 4896662211351084}
  m_Layer: 0
  m_Name: skeleton_knight_ Neck1
  m_TagString: Untagged
  m_Icon: {fileID: 0}
  m_NavMeshLayer: 0
  m_StaticEditorFlags: 0
  m_IsActive: 1
--- !u!4 &4008907505828824
Transform:
  m_ObjectHideFlags: 1
  m_CorrespondingSourceObject: {fileID: 0}
  m_PrefabInternal: {fileID: 100100000}
  m_GameObject: {fileID: 1881356193694086}
  m_LocalRotation: {x: 0.0003979014, y: -0.03440688, z: -0.000013698922, w: 0.9994078}
  m_LocalPosition: {x: -0.090510026, y: -0.000012280941, z: 0.011655007}
  m_LocalScale: {x: 0.99999976, y: 1.0000001, z: 0.9999997}
  m_Children:
  - {fileID: 4634643697050078}
  m_Father: {fileID: 4824732182859188}
  m_RootOrder: 3
  m_LocalEulerAnglesHint: {x: 0, y: 0, z: 0}
--- !u!4 &4046060244297340
Transform:
  m_ObjectHideFlags: 1
  m_CorrespondingSourceObject: {fileID: 0}
  m_PrefabInternal: {fileID: 100100000}
  m_GameObject: {fileID: 1708458945803090}
  m_LocalRotation: {x: -0.49988565, y: 0.5001371, z: 0.50001323, w: 0.49996406}
  m_LocalPosition: {x: 0, y: 1, z: 0}
  m_LocalScale: {x: 1, y: 1, z: 1}
  m_Children:
  - {fileID: 4483262569975514}
  m_Father: {fileID: 4981664503169042}
  m_RootOrder: 2
  m_LocalEulerAnglesHint: {x: 0, y: 0, z: 0}
--- !u!4 &4047476621264984
Transform:
  m_ObjectHideFlags: 1
  m_CorrespondingSourceObject: {fileID: 0}
  m_PrefabInternal: {fileID: 100100000}
  m_GameObject: {fileID: 1192067207604856}
  m_LocalRotation: {x: -1.8789278e-24, y: -1.0329515e-12, z: -1.8189894e-12, w: 1}
  m_LocalPosition: {x: -0.029781993, y: 0, z: 0}
  m_LocalScale: {x: 1, y: 1, z: 1}
  m_Children:
  - {fileID: 4754742349809090}
  m_Father: {fileID: 4961996989915098}
  m_RootOrder: 0
  m_LocalEulerAnglesHint: {x: 0, y: 0, z: 0}
--- !u!4 &4068738254878050
Transform:
  m_ObjectHideFlags: 1
  m_CorrespondingSourceObject: {fileID: 0}
  m_PrefabInternal: {fileID: 100100000}
  m_GameObject: {fileID: 1362535529237644}
  m_LocalRotation: {x: -1.8789278e-24, y: -1.0329515e-12, z: -1.8189894e-12, w: 1}
  m_LocalPosition: {x: -0.029782018, y: 0, z: 0}
  m_LocalScale: {x: 1, y: 1, z: 1}
  m_Children: []
  m_Father: {fileID: 4967028371337086}
  m_RootOrder: 0
  m_LocalEulerAnglesHint: {x: 0, y: 0, z: 0}
--- !u!4 &4075170042007388
Transform:
  m_ObjectHideFlags: 1
  m_CorrespondingSourceObject: {fileID: 0}
  m_PrefabInternal: {fileID: 100100000}
  m_GameObject: {fileID: 1082227693556940}
  m_LocalRotation: {x: -0.0000000036999666, y: 4.3363146e-10, z: -0.11640206, w: 0.9932022}
  m_LocalPosition: {x: -0.028742066, y: -0.000000009536743, z: 0.000000019073486}
  m_LocalScale: {x: 1, y: 1, z: 1}
  m_Children: []
  m_Father: {fileID: 4873875483177634}
  m_RootOrder: 0
  m_LocalEulerAnglesHint: {x: 0, y: 0, z: 0}
--- !u!4 &4077690744860834
Transform:
  m_ObjectHideFlags: 1
  m_CorrespondingSourceObject: {fileID: 0}
  m_PrefabInternal: {fileID: 100100000}
  m_GameObject: {fileID: 1659312032199416}
  m_LocalRotation: {x: 7.674742e-11, y: 0.0000000018619736, z: -0.009955005, w: 0.99995047}
  m_LocalPosition: {x: -0.33155295, y: 0, z: 0}
  m_LocalScale: {x: 0.9999999, y: 1, z: 0.99999994}
  m_Children:
  - {fileID: 4584628903624142}
  - {fileID: 4340940646995492}
  m_Father: {fileID: 4722431613942992}
  m_RootOrder: 0
  m_LocalEulerAnglesHint: {x: 0, y: 0, z: 0}
--- !u!4 &4088874823977208
Transform:
  m_ObjectHideFlags: 1
  m_CorrespondingSourceObject: {fileID: 0}
  m_PrefabInternal: {fileID: 100100000}
  m_GameObject: {fileID: 1117197004347876}
  m_LocalRotation: {x: 0.00009224706, y: 0.011976399, z: -0.060055353, w: 0.9981232}
  m_LocalPosition: {x: -0.394487, y: 0, z: 0}
  m_LocalScale: {x: 1.0000001, y: 1, z: 1.0000001}
  m_Children:
  - {fileID: 4930496295019220}
  m_Father: {fileID: 4578007846469782}
  m_RootOrder: 0
  m_LocalEulerAnglesHint: {x: 0, y: 0, z: 0}
--- !u!4 &4123780854708056
Transform:
  m_ObjectHideFlags: 1
  m_CorrespondingSourceObject: {fileID: 0}
  m_PrefabInternal: {fileID: 100100000}
  m_GameObject: {fileID: 1569381467785550}
  m_LocalRotation: {x: -1.4621923e-10, y: -0.0000000037240193, z: -0.009955003, w: 0.99995047}
  m_LocalPosition: {x: -0.33155295, y: 0, z: 0.000000019073486}
  m_LocalScale: {x: 0.99999994, y: 1.0000001, z: 1.0000001}
  m_Children:
  - {fileID: 4824732182859188}
  m_Father: {fileID: 4907599669888552}
  m_RootOrder: 0
  m_LocalEulerAnglesHint: {x: 0, y: 0, z: 0}
--- !u!4 &4136589722417958
Transform:
  m_ObjectHideFlags: 1
  m_CorrespondingSourceObject: {fileID: 0}
  m_PrefabInternal: {fileID: 100100000}
  m_GameObject: {fileID: 1410605936780114}
  m_LocalRotation: {x: -0.000000001416352, y: 0.000000003916783, z: -0.116402045,
    w: 0.9932022}
  m_LocalPosition: {x: -0.032580107, y: 0, z: -0.000000038146972}
  m_LocalScale: {x: 1, y: 0.99999994, z: 1.0000001}
  m_Children: []
  m_Father: {fileID: 4531909301625272}
  m_RootOrder: 0
  m_LocalEulerAnglesHint: {x: 0, y: 0, z: 0}
--- !u!4 &4140815239728838
Transform:
  m_ObjectHideFlags: 1
  m_CorrespondingSourceObject: {fileID: 0}
  m_PrefabInternal: {fileID: 100100000}
  m_GameObject: {fileID: 1687770772497002}
  m_LocalRotation: {x: 0.5830017, y: -0.2974622, z: 0.089699775, w: 0.75071913}
  m_LocalPosition: {x: -0.026636962, y: 0.0074689053, z: -0.047841966}
  m_LocalScale: {x: 0.9999995, y: 1.0000001, z: 0.99999964}
  m_Children:
  - {fileID: 4914500651335752}
  m_Father: {fileID: 4340940646995492}
  m_RootOrder: 0
  m_LocalEulerAnglesHint: {x: 0, y: 0, z: 0}
--- !u!4 &4151790825153028
Transform:
  m_ObjectHideFlags: 1
  m_CorrespondingSourceObject: {fileID: 0}
  m_PrefabInternal: {fileID: 100100000}
  m_GameObject: {fileID: 1790611281373390}
  m_LocalRotation: {x: -0.000000016057319, y: -0.00000001364741, z: -0.08086302, w: 0.99672526}
  m_LocalPosition: {x: -0.031297073, y: 0, z: 0}
  m_LocalScale: {x: 1, y: 0.99999994, z: 1}
  m_Children:
  - {fileID: 4449585663716108}
  m_Father: {fileID: 4329233108589414}
  m_RootOrder: 0
  m_LocalEulerAnglesHint: {x: 0, y: 0, z: 0}
--- !u!4 &4176356105779934
Transform:
  m_ObjectHideFlags: 1
  m_CorrespondingSourceObject: {fileID: 0}
  m_PrefabInternal: {fileID: 100100000}
  m_GameObject: {fileID: 1481996566547682}
  m_LocalRotation: {x: 0.0032301827, y: 0.06886014, z: 0.052461818, w: 0.99624074}
  m_LocalPosition: {x: -0.08890907, y: 0.000044980046, z: 0.031373978}
  m_LocalScale: {x: 1, y: 0.9999996, z: 1}
  m_Children:
  - {fileID: 4433917583778774}
  m_Father: {fileID: 4340940646995492}
  m_RootOrder: 4
  m_LocalEulerAnglesHint: {x: 0, y: 0, z: 0}
--- !u!4 &4213859154359292
Transform:
  m_ObjectHideFlags: 1
  m_CorrespondingSourceObject: {fileID: 0}
  m_PrefabInternal: {fileID: 100100000}
  m_GameObject: {fileID: 1813366423868998}
  m_LocalRotation: {x: -0.00056590413, y: 0.9999281, z: -0.00063468004, w: 0.011959269}
  m_LocalPosition: {x: 0.000000076293944, y: 0.00000017126091, z: 0.09197499}
  m_LocalScale: {x: 1, y: 1.0000001, z: 1}
  m_Children:
  - {fileID: 4578007846469782}
  m_Father: {fileID: 4483262569975514}
  m_RootOrder: 0
  m_LocalEulerAnglesHint: {x: 0, y: 0, z: 0}
--- !u!4 &4215209044195778
Transform:
  m_ObjectHideFlags: 1
  m_CorrespondingSourceObject: {fileID: 0}
  m_PrefabInternal: {fileID: 100100000}
  m_GameObject: {fileID: 1197877365147060}
  m_LocalRotation: {x: 1.0274448e-11, y: 7.275958e-12, z: -7.475645e-23, w: 1}
  m_LocalPosition: {x: -0.15942283, y: -0.00012694426, z: -3.72529e-10}
  m_LocalScale: {x: 1, y: 1, z: 1}
  m_Children:
  - {fileID: 4972955836344504}
  m_Father: {fileID: 4665351076105554}
  m_RootOrder: 0
  m_LocalEulerAnglesHint: {x: 0, y: 0, z: 0}
--- !u!4 &4240150757102294
Transform:
  m_ObjectHideFlags: 1
  m_CorrespondingSourceObject: {fileID: 0}
  m_PrefabInternal: {fileID: 100100000}
  m_GameObject: {fileID: 1073035469339768}
  m_LocalRotation: {x: -7.407364e-11, y: -0.0000000018611716, z: -0.039767988, w: 0.999209}
  m_LocalPosition: {x: -0.034076, y: 0, z: -0.000000019073486}
  m_LocalScale: {x: 1.0000001, y: 1.0000001, z: 1.0000001}
  m_Children:
  - {fileID: 4320098153369678}
  m_Father: {fileID: 4609726475244332}
  m_RootOrder: 0
  m_LocalEulerAnglesHint: {x: 0, y: 0, z: 0}
--- !u!4 &4261238174533284
Transform:
  m_ObjectHideFlags: 1
  m_CorrespondingSourceObject: {fileID: 0}
  m_PrefabInternal: {fileID: 100100000}
  m_GameObject: {fileID: 1068812062955716}
  m_LocalRotation: {x: -1.3629378e-11, y: 0.00000011988215, z: -0.043220922, w: 0.9990655}
  m_LocalPosition: {x: -0.065509185, y: 0, z: 0}
  m_LocalScale: {x: 1.0000001, y: 1.0000001, z: 1}
  m_Children:
  - {fileID: 4867898521827262}
  m_Father: {fileID: 4896662211351084}
  m_RootOrder: 0
  m_LocalEulerAnglesHint: {x: 0, y: 0, z: 0}
--- !u!4 &4303488455753986
Transform:
  m_ObjectHideFlags: 1
  m_CorrespondingSourceObject: {fileID: 0}
  m_PrefabInternal: {fileID: 100100000}
  m_GameObject: {fileID: 1052685928135524}
  m_LocalRotation: {x: -0.000000001416352, y: 0.0000000039167833, z: -0.116402075,
    w: 0.9932022}
  m_LocalPosition: {x: -0.03354805, y: 0, z: -0.000000019073486}
  m_LocalScale: {x: 0.9999999, y: 0.9999999, z: 0.99999994}
  m_Children: []
  m_Father: {fileID: 4346056266333792}
  m_RootOrder: 0
  m_LocalEulerAnglesHint: {x: 0, y: 0, z: 0}
--- !u!4 &4320098153369678
Transform:
  m_ObjectHideFlags: 1
  m_CorrespondingSourceObject: {fileID: 0}
  m_PrefabInternal: {fileID: 100100000}
  m_GameObject: {fileID: 1322089989361980}
  m_LocalRotation: {x: -0.0000000011418074, y: -0.0000000017415757, z: -0.116402045,
    w: 0.9932022}
  m_LocalPosition: {x: -0.040239103, y: -0.000000009536743, z: 0}
  m_LocalScale: {x: 0.99999994, y: 1, z: 1}
  m_Children: []
  m_Father: {fileID: 4240150757102294}
  m_RootOrder: 0
  m_LocalEulerAnglesHint: {x: 0, y: 0, z: 0}
--- !u!4 &4329233108589414
Transform:
  m_ObjectHideFlags: 1
  m_CorrespondingSourceObject: {fileID: 0}
  m_PrefabInternal: {fileID: 100100000}
  m_GameObject: {fileID: 1822389287990298}
  m_LocalRotation: {x: -0.58300173, y: 0.2974622, z: 0.08969978, w: 0.75071913}
  m_LocalPosition: {x: -0.026637038, y: 0.0074689076, z: 0.047841966}
  m_LocalScale: {x: 0.99999964, y: 1.0000001, z: 0.9999997}
  m_Children:
  - {fileID: 4151790825153028}
  m_Father: {fileID: 4824732182859188}
  m_RootOrder: 1
  m_LocalEulerAnglesHint: {x: 0, y: 0, z: 0}
--- !u!4 &4330117874254100
Transform:
  m_ObjectHideFlags: 1
  m_CorrespondingSourceObject: {fileID: 0}
  m_PrefabInternal: {fileID: 100100000}
  m_GameObject: {fileID: 1277180023873408}
  m_LocalRotation: {x: -0.7071068, y: 0, z: -0, w: 0.7071068}
  m_LocalPosition: {x: -0.00004577614, y: 1.5241226, z: 0.041455507}
  m_LocalScale: {x: 1, y: 1, z: 1}
  m_Children: []
  m_Father: {fileID: 4981664503169042}
  m_RootOrder: 0
  m_LocalEulerAnglesHint: {x: 0, y: 0, z: 0}
--- !u!4 &4332893056992442
Transform:
  m_ObjectHideFlags: 1
  m_CorrespondingSourceObject: {fileID: 0}
  m_PrefabInternal: {fileID: 100100000}
  m_GameObject: {fileID: 1060908418374214}
  m_LocalRotation: {x: -0.0000000023413436, y: 0.00000000402519, z: -0.116402015,
    w: 0.9932022}
  m_LocalPosition: {x: -0.033548124, y: -0.000000009536743, z: 0}
  m_LocalScale: {x: 1, y: 1, z: 1}
  m_Children: []
  m_Father: {fileID: 4620960203505798}
  m_RootOrder: 0
  m_LocalEulerAnglesHint: {x: 0, y: 0, z: 0}
--- !u!4 &4340940646995492
Transform:
  m_ObjectHideFlags: 1
  m_CorrespondingSourceObject: {fileID: 0}
  m_PrefabInternal: {fileID: 100100000}
  m_GameObject: {fileID: 1167176666272936}
  m_LocalRotation: {x: 0.99999994, y: -0, z: 0, w: -0.0003981372}
  m_LocalPosition: {x: -0.27322295, y: 0, z: 0}
  m_LocalScale: {x: 1, y: 1, z: 0.99999994}
  m_Children:
  - {fileID: 4140815239728838}
  - {fileID: 4528449667211616}
  - {fileID: 4609726475244332}
  - {fileID: 4909667661860118}
  - {fileID: 4176356105779934}
  m_Father: {fileID: 4077690744860834}
  m_RootOrder: 1
  m_LocalEulerAnglesHint: {x: 0, y: 0, z: 0}
--- !u!4 &4346056266333792
Transform:
  m_ObjectHideFlags: 1
  m_CorrespondingSourceObject: {fileID: 0}
  m_PrefabInternal: {fileID: 100100000}
  m_GameObject: {fileID: 1514609841256938}
  m_LocalRotation: {x: 0, y: 0, z: -0.116402015, w: 0.9932022}
  m_LocalPosition: {x: -0.028335951, y: 0, z: 0}
  m_LocalScale: {x: 0.9999999, y: 0.9999999, z: 0.99999994}
  m_Children:
  - {fileID: 4303488455753986}
  m_Father: {fileID: 4909667661860118}
  m_RootOrder: 0
  m_LocalEulerAnglesHint: {x: 0, y: 0, z: 0}
--- !u!4 &4353594357936352
Transform:
  m_ObjectHideFlags: 1
  m_CorrespondingSourceObject: {fileID: 0}
  m_PrefabInternal: {fileID: 100100000}
  m_GameObject: {fileID: 1219862611884882}
  m_LocalRotation: {x: -0.0005701015, y: 0.9999281, z: 0.0006333444, w: -0.011960741}
  m_LocalPosition: {x: -0.000000076293944, y: -0.00000008384697, z: -0.091975}
  m_LocalScale: {x: 1.0000001, y: 1, z: 1}
  m_Children:
  - {fileID: 4840944800489866}
  m_Father: {fileID: 4483262569975514}
  m_RootOrder: 1
  m_LocalEulerAnglesHint: {x: 0, y: 0, z: 0}
--- !u!4 &4400874118739186
Transform:
  m_ObjectHideFlags: 1
  m_CorrespondingSourceObject: {fileID: 0}
  m_PrefabInternal: {fileID: 100100000}
  m_GameObject: {fileID: 1644982664866212}
  m_LocalRotation: {x: 0.70439136, y: 0.061908267, z: 0.70439154, w: -0.061910227}
  m_LocalPosition: {x: 0.018798217, y: 0.0058024786, z: -0.038250986}
  m_LocalScale: {x: 1, y: 1, z: 1}
  m_Children:
  - {fileID: 4907599669888552}
  m_Father: {fileID: 4972955836344504}
  m_RootOrder: 2
  m_LocalEulerAnglesHint: {x: 0, y: 0, z: 0}
--- !u!4 &4433917583778774
Transform:
  m_ObjectHideFlags: 1
  m_CorrespondingSourceObject: {fileID: 0}
  m_PrefabInternal: {fileID: 100100000}
  m_GameObject: {fileID: 1249867772436664}
  m_LocalRotation: {x: 9.234152e-10, y: -1.2110461e-10, z: -0.13003509, w: 0.99150944}
  m_LocalPosition: {x: -0.02219902, y: 0, z: 0.000000009536743}
  m_LocalScale: {x: 0.99999994, y: 0.99999994, z: 1}
  m_Children:
  - {fileID: 4933192747725426}
  m_Father: {fileID: 4176356105779934}
  m_RootOrder: 0
  m_LocalEulerAnglesHint: {x: 0, y: 0, z: 0}
--- !u!4 &4449585663716108
Transform:
  m_ObjectHideFlags: 1
  m_CorrespondingSourceObject: {fileID: 0}
  m_PrefabInternal: {fileID: 100100000}
  m_GameObject: {fileID: 1318440388695134}
  m_LocalRotation: {x: -0.00245798, y: -0.05299804, z: -0.18564107, w: 0.98118424}
  m_LocalPosition: {x: -0.029916916, y: -0.000000076293944, z: 0}
  m_LocalScale: {x: 1, y: 1, z: 1}
  m_Children: []
  m_Father: {fileID: 4151790825153028}
  m_RootOrder: 0
  m_LocalEulerAnglesHint: {x: 0, y: 0, z: 0}
--- !u!4 &4483262569975514
Transform:
  m_ObjectHideFlags: 1
  m_CorrespondingSourceObject: {fileID: 0}
  m_PrefabInternal: {fileID: 100100000}
  m_GameObject: {fileID: 1697058851043350}
  m_LocalRotation: {x: -0.5, y: 0.5, z: 0.4999993, w: 0.5000007}
  m_LocalPosition: {x: 0, y: 0, z: 0}
  m_LocalScale: {x: 1, y: 1, z: 1}
  m_Children:
  - {fileID: 4213859154359292}
  - {fileID: 4353594357936352}
  - {fileID: 4966387381319884}
  m_Father: {fileID: 4046060244297340}
  m_RootOrder: 0
  m_LocalEulerAnglesHint: {x: 0, y: 0, z: 0}
--- !u!4 &4515545534946916
Transform:
  m_ObjectHideFlags: 1
  m_CorrespondingSourceObject: {fileID: 0}
  m_PrefabInternal: {fileID: 100100000}
  m_GameObject: {fileID: 1085275011538600}
  m_LocalRotation: {x: 0.69346654, y: -0.005532028, z: 0.72021276, w: -0.019163588}
  m_LocalPosition: {x: -0.061999433, y: 0.029063093, z: -0.004417}
  m_LocalScale: {x: 1, y: 1.0000001, z: 1.0000001}
  m_Children: []
  m_Father: {fileID: 4824732182859188}
  m_RootOrder: 6
  m_LocalEulerAnglesHint: {x: 0, y: 0, z: 0}
--- !u!4 &4528449667211616
Transform:
  m_ObjectHideFlags: 1
  m_CorrespondingSourceObject: {fileID: 0}
  m_PrefabInternal: {fileID: 100100000}
  m_GameObject: {fileID: 1353732331303328}
  m_LocalRotation: {x: 0.00041696473, y: 0.029223604, z: 0.027849281, w: 0.9991848}
  m_LocalPosition: {x: -0.09090996, y: -0.000036811827, z: -0.033669986}
  m_LocalScale: {x: 1.0000002, y: 0.9999998, z: 1.0000001}
  m_Children:
  - {fileID: 4659000530193820}
  m_Father: {fileID: 4340940646995492}
  m_RootOrder: 1
  m_LocalEulerAnglesHint: {x: 0, y: 0, z: 0}
--- !u!4 &4531909301625272
Transform:
  m_ObjectHideFlags: 1
  m_CorrespondingSourceObject: {fileID: 0}
  m_PrefabInternal: {fileID: 100100000}
  m_GameObject: {fileID: 1357663036307592}
  m_LocalRotation: {x: 2.3124794e-10, y: -2.7101963e-11, z: -0.11640203, w: 0.9932022}
  m_LocalPosition: {x: -0.032415923, y: -0.0000000023841857, z: 0.000000019073486}
  m_LocalScale: {x: 1, y: 0.99999994, z: 1}
  m_Children:
  - {fileID: 4136589722417958}
  m_Father: {fileID: 4856494723728648}
  m_RootOrder: 0
  m_LocalEulerAnglesHint: {x: 0, y: 0, z: 0}
--- !u!4 &4561662206864446
Transform:
  m_ObjectHideFlags: 1
  m_CorrespondingSourceObject: {fileID: 0}
  m_PrefabInternal: {fileID: 100100000}
  m_GameObject: {fileID: 1082942758874842}
  m_LocalRotation: {x: 0.7043914, y: 0.06191055, z: -0.7043913, w: 0.0619086}
  m_LocalPosition: {x: 0.01879837, y: 0.0058022877, z: 0.038251016}
  m_LocalScale: {x: 1, y: 1, z: 1}
  m_Children:
  - {fileID: 4722431613942992}
  m_Father: {fileID: 4972955836344504}
  m_RootOrder: 0
  m_LocalEulerAnglesHint: {x: 0, y: 0, z: 0}
--- !u!4 &4578007846469782
Transform:
  m_ObjectHideFlags: 1
  m_CorrespondingSourceObject: {fileID: 0}
  m_PrefabInternal: {fileID: 100100000}
  m_GameObject: {fileID: 1766747500991858}
  m_LocalRotation: {x: 1.16201194e-10, y: 7.0576292e-12, z: 0.060624573, w: 0.99816066}
  m_LocalPosition: {x: -0.49877298, y: 0, z: 0.000000009536743}
  m_LocalScale: {x: 1.0000001, y: 1, z: 1}
  m_Children:
  - {fileID: 4088874823977208}
  m_Father: {fileID: 4213859154359292}
  m_RootOrder: 0
  m_LocalEulerAnglesHint: {x: 0, y: 0, z: 0}
--- !u!4 &4584628903624142
Transform:
  m_ObjectHideFlags: 1
  m_CorrespondingSourceObject: {fileID: 0}
  m_PrefabInternal: {fileID: 100100000}
  m_GameObject: {fileID: 1802657325606672}
  m_LocalRotation: {x: 0.003445268, y: 0.70078623, z: -0.0045154304, w: 0.71334875}
  m_LocalPosition: {x: -0.20117667, y: 0.00346004, z: 0.014585399}
  m_LocalScale: {x: 0.99999994, y: 1.0000004, z: 1}
  m_Children: []
  m_Father: {fileID: 4077690744860834}
  m_RootOrder: 0
  m_LocalEulerAnglesHint: {x: 0, y: 0, z: 0}
--- !u!4 &4593204669496800
Transform:
  m_ObjectHideFlags: 1
  m_CorrespondingSourceObject: {fileID: 0}
  m_PrefabInternal: {fileID: 100100000}
  m_GameObject: {fileID: 1733786242194958}
  m_LocalRotation: {x: -0.7071068, y: 0, z: -0, w: 0.7071068}
  m_LocalPosition: {x: -0.00003888453, y: 0, z: -0.00004469805}
  m_LocalScale: {x: 1, y: 1, z: 1}
  m_Children: []
  m_Father: {fileID: 4981664503169042}
  m_RootOrder: 1
  m_LocalEulerAnglesHint: {x: 0, y: 0, z: 0}
--- !u!4 &4609726475244332
Transform:
  m_ObjectHideFlags: 1
  m_CorrespondingSourceObject: {fileID: 0}
  m_PrefabInternal: {fileID: 100100000}
  m_GameObject: {fileID: 1021107876777202}
  m_LocalRotation: {x: -0.0003979014, y: 0.03440688, z: -0.000013698925, w: 0.9994078}
  m_LocalPosition: {x: -0.090510026, y: -0.000012280941, z: -0.011655007}
  m_LocalScale: {x: 0.9999997, y: 1, z: 0.9999997}
  m_Children:
  - {fileID: 4240150757102294}
  m_Father: {fileID: 4340940646995492}
  m_RootOrder: 2
  m_LocalEulerAnglesHint: {x: 0, y: 0, z: 0}
--- !u!4 &4620960203505798
Transform:
  m_ObjectHideFlags: 1
  m_CorrespondingSourceObject: {fileID: 0}
  m_PrefabInternal: {fileID: 100100000}
  m_GameObject: {fileID: 1885069222343758}
  m_LocalRotation: {x: -8.961273e-10, y: -0.0000000036457628, z: -0.11640205, w: 0.9932022}
  m_LocalPosition: {x: -0.028335951, y: 0, z: 0.000000019073486}
  m_LocalScale: {x: 1, y: 1, z: 1}
  m_Children:
  - {fileID: 4332893056992442}
  m_Father: {fileID: 4967107579937672}
  m_RootOrder: 0
  m_LocalEulerAnglesHint: {x: 0, y: 0, z: 0}
--- !u!4 &4630257724227778
Transform:
  m_ObjectHideFlags: 1
  m_CorrespondingSourceObject: {fileID: 0}
  m_PrefabInternal: {fileID: 100100000}
  m_GameObject: {fileID: 1072997025178440}
  m_LocalRotation: {x: -9.2499175e-10, y: 1.0840789e-10, z: -0.11640207, w: 0.9932022}
  m_LocalPosition: {x: -0.032580033, y: 0, z: -0.000000019073486}
  m_LocalScale: {x: 1, y: 0.99999994, z: 1}
  m_Children: []
  m_Father: {fileID: 4659000530193820}
  m_RootOrder: 0
  m_LocalEulerAnglesHint: {x: 0, y: 0, z: 0}
--- !u!4 &4634643697050078
Transform:
  m_ObjectHideFlags: 1
  m_CorrespondingSourceObject: {fileID: 0}
  m_PrefabInternal: {fileID: 100100000}
  m_GameObject: {fileID: 1907919804379358}
  m_LocalRotation: {x: 0, y: 0, z: -0.039767995, w: 0.999209}
  m_LocalPosition: {x: -0.034076, y: 0.0000000023841857, z: -0.000000019073486}
  m_LocalScale: {x: 1, y: 0.9999999, z: 1}
  m_Children:
  - {fileID: 4919037142805574}
  m_Father: {fileID: 4008907505828824}
  m_RootOrder: 0
  m_LocalEulerAnglesHint: {x: 0, y: 0, z: 0}
--- !u!4 &4659000530193820
Transform:
  m_ObjectHideFlags: 1
  m_CorrespondingSourceObject: {fileID: 0}
  m_PrefabInternal: {fileID: 100100000}
  m_GameObject: {fileID: 1414888538205440}
  m_LocalRotation: {x: 0, y: 0, z: -0.11640204, w: 0.9932022}
  m_LocalPosition: {x: -0.032416, y: 0.0000000047683715, z: 0.000000019073486}
  m_LocalScale: {x: 1, y: 1, z: 1}
  m_Children:
  - {fileID: 4630257724227778}
  m_Father: {fileID: 4528449667211616}
  m_RootOrder: 0
  m_LocalEulerAnglesHint: {x: 0, y: 0, z: 0}
--- !u!4 &4665351076105554
Transform:
  m_ObjectHideFlags: 1
  m_CorrespondingSourceObject: {fileID: 0}
  m_PrefabInternal: {fileID: 100100000}
  m_GameObject: {fileID: 1159065075655750}
  m_LocalRotation: {x: 1.0274448e-11, y: 7.275958e-12, z: -7.475645e-23, w: 1}
  m_LocalPosition: {x: -0.15942298, y: -0.00012694448, z: -3.352761e-10}
  m_LocalScale: {x: 1, y: 1, z: 1}
  m_Children:
  - {fileID: 4215209044195778}
  m_Father: {fileID: 4966387381319884}
  m_RootOrder: 0
  m_LocalEulerAnglesHint: {x: 0, y: 0, z: 0}
--- !u!4 &4722431613942992
Transform:
  m_ObjectHideFlags: 1
  m_CorrespondingSourceObject: {fileID: 0}
  m_PrefabInternal: {fileID: 100100000}
  m_GameObject: {fileID: 1018951083647116}
  m_LocalRotation: {x: -0.010420594, y: -0.7007172, z: 0.011617028, w: 0.7132684}
  m_LocalPosition: {x: -0.14085898, y: 1.4901161e-10, z: 0}
  m_LocalScale: {x: 1.0000001, y: 1, z: 1.0000001}
  m_Children:
  - {fileID: 4077690744860834}
  m_Father: {fileID: 4561662206864446}
  m_RootOrder: 0
  m_LocalEulerAnglesHint: {x: 0, y: 0, z: 0}
--- !u!4 &4754742349809090
Transform:
  m_ObjectHideFlags: 1
  m_CorrespondingSourceObject: {fileID: 0}
  m_PrefabInternal: {fileID: 100100000}
  m_GameObject: {fileID: 1163189467603302}
  m_LocalRotation: {x: -1.8789278e-24, y: -1.0329515e-12, z: -1.8189894e-12, w: 1}
  m_LocalPosition: {x: -0.029781999, y: 0, z: 0}
  m_LocalScale: {x: 1, y: 1, z: 1}
  m_Children: []
  m_Father: {fileID: 4047476621264984}
  m_RootOrder: 0
  m_LocalEulerAnglesHint: {x: 0, y: 0, z: 0}
--- !u!4 &4806959287039572
Transform:
  m_ObjectHideFlags: 1
  m_CorrespondingSourceObject: {fileID: 0}
  m_PrefabInternal: {fileID: 100100000}
  m_GameObject: {fileID: 1579484966288654}
  m_LocalRotation: {x: 0.6934665, y: -0.0055318563, z: 0.72021276, w: -0.019163772}
  m_LocalPosition: {x: -0.06203674, y: 0.029145582, z: -0.0041524125}
  m_LocalScale: {x: 1, y: 1.0000001, z: 1.0000001}
  m_Children: []
  m_Father: {fileID: 4824732182859188}
  m_RootOrder: 7
  m_LocalEulerAnglesHint: {x: 0, y: 0, z: 0}
--- !u!4 &4811516055771864
Transform:
  m_ObjectHideFlags: 1
  m_CorrespondingSourceObject: {fileID: 0}
  m_PrefabInternal: {fileID: 100100000}
  m_GameObject: {fileID: 1726454478431144}
  m_LocalRotation: {x: 0.69346654, y: -0.005532028, z: 0.72021276, w: -0.019163588}
  m_LocalPosition: {x: -0.061999433, y: 0.029063093, z: -0.004417}
  m_LocalScale: {x: 1, y: 1.0000001, z: 1.0000001}
  m_Children: []
  m_Father: {fileID: 4824732182859188}
  m_RootOrder: 0
  m_LocalEulerAnglesHint: {x: 0, y: 0, z: 0}
--- !u!4 &4824732182859188
Transform:
  m_ObjectHideFlags: 1
  m_CorrespondingSourceObject: {fileID: 0}
  m_PrefabInternal: {fileID: 100100000}
  m_GameObject: {fileID: 1860820134018858}
  m_LocalRotation: {x: 0.99999994, y: 0, z: -0, w: 0.0003981372}
  m_LocalPosition: {x: -0.27322304, y: 0, z: -0.000000019073486}
  m_LocalScale: {x: 1.0000001, y: 1.0000001, z: 1}
  m_Children:
  - {fileID: 4811516055771864}
  - {fileID: 4329233108589414}
  - {fileID: 4856494723728648}
  - {fileID: 4008907505828824}
  - {fileID: 4967107579937672}
  - {fileID: 4896023589420166}
  - {fileID: 4515545534946916}
  - {fileID: 4806959287039572}
  m_Father: {fileID: 4123780854708056}
  m_RootOrder: 0
  m_LocalEulerAnglesHint: {x: 0, y: 0, z: 0}
--- !u!4 &4840944800489866
Transform:
  m_ObjectHideFlags: 1
  m_CorrespondingSourceObject: {fileID: 0}
  m_PrefabInternal: {fileID: 100100000}
  m_GameObject: {fileID: 1766510586563302}
  m_LocalRotation: {x: 5.6459733e-11, y: -9.2960956e-10, z: 0.06062318, w: 0.9981607}
  m_LocalPosition: {x: -0.49877304, y: 7.4505804e-11, z: 0.000000009536743}
  m_LocalScale: {x: 1.0000001, y: 1.0000002, z: 1.0000001}
  m_Children:
  - {fileID: 4920474610965428}
  m_Father: {fileID: 4353594357936352}
  m_RootOrder: 0
  m_LocalEulerAnglesHint: {x: 0, y: 0, z: 0}
--- !u!4 &4856494723728648
Transform:
  m_ObjectHideFlags: 1
  m_CorrespondingSourceObject: {fileID: 0}
  m_PrefabInternal: {fileID: 100100000}
  m_GameObject: {fileID: 1870042125933932}
  m_LocalRotation: {x: -0.00041696493, y: -0.029223606, z: 0.027849281, w: 0.9991848}
  m_LocalPosition: {x: -0.09091003, y: -0.000036809444, z: 0.033669986}
  m_LocalScale: {x: 1.0000002, y: 0.9999999, z: 1.0000002}
  m_Children:
  - {fileID: 4531909301625272}
  m_Father: {fileID: 4824732182859188}
  m_RootOrder: 2
  m_LocalEulerAnglesHint: {x: 0, y: 0, z: 0}
--- !u!4 &4867898521827262
Transform:
  m_ObjectHideFlags: 1
  m_CorrespondingSourceObject: {fileID: 0}
  m_PrefabInternal: {fileID: 100100000}
  m_GameObject: {fileID: 1666186558902974}
  m_LocalRotation: {x: -0.7044092, y: -0.061835147, z: 0.7044092, w: -0.06157766}
  m_LocalPosition: {x: -0.08778824, y: -0.0024324036, z: 0.000123291}
  m_LocalScale: {x: 1.0000001, y: 1.0000001, z: 1}
  m_Children: []
  m_Father: {fileID: 4261238174533284}
  m_RootOrder: 0
  m_LocalEulerAnglesHint: {x: 0, y: 0, z: 0}
--- !u!4 &4873875483177634
Transform:
  m_ObjectHideFlags: 1
  m_CorrespondingSourceObject: {fileID: 0}
  m_PrefabInternal: {fileID: 100100000}
  m_GameObject: {fileID: 1621107461731490}
  m_LocalRotation: {x: 9.234152e-10, y: -1.2110461e-10, z: -0.13003507, w: 0.99150944}
  m_LocalPosition: {x: -0.02219902, y: -0.0000000047683715, z: -0.000000009536743}
  m_LocalScale: {x: 1, y: 0.99999994, z: 1}
  m_Children:
  - {fileID: 4075170042007388}
  m_Father: {fileID: 4896023589420166}
  m_RootOrder: 0
  m_LocalEulerAnglesHint: {x: 0, y: 0, z: 0}
--- !u!4 &4896023589420166
Transform:
  m_ObjectHideFlags: 1
  m_CorrespondingSourceObject: {fileID: 0}
  m_PrefabInternal: {fileID: 100100000}
  m_GameObject: {fileID: 1052179921640946}
  m_LocalRotation: {x: -0.0032301822, y: -0.06886014, z: 0.052461825, w: 0.99624074}
  m_LocalPosition: {x: -0.08890899, y: 0.000044982433, z: -0.03137394}
  m_LocalScale: {x: 1, y: 0.99999964, z: 1.0000001}
  m_Children:
  - {fileID: 4873875483177634}
  m_Father: {fileID: 4824732182859188}
  m_RootOrder: 5
  m_LocalEulerAnglesHint: {x: 0, y: 0, z: 0}
--- !u!4 &4896662211351084
Transform:
  m_ObjectHideFlags: 1
  m_CorrespondingSourceObject: {fileID: 0}
  m_PrefabInternal: {fileID: 100100000}
  m_GameObject: {fileID: 1960291496001698}
  m_LocalRotation: {x: -2.6908892e-12, y: -0.00000012099804, z: 0.0436192, w: 0.99904823}
  m_LocalPosition: {x: -0.065504454, y: -0.00005197525, z: -1.4901161e-10}
  m_LocalScale: {x: 1, y: 1, z: 1}
  m_Children:
  - {fileID: 4261238174533284}
  m_Father: {fileID: 4972955836344504}
  m_RootOrder: 1
  m_LocalEulerAnglesHint: {x: 0, y: 0, z: 0}
--- !u!4 &4907599669888552
Transform:
  m_ObjectHideFlags: 1
  m_CorrespondingSourceObject: {fileID: 0}
  m_PrefabInternal: {fileID: 100100000}
  m_GameObject: {fileID: 1928013179283754}
  m_LocalRotation: {x: 0.010420568, y: 0.7007172, z: 0.011617056, w: 0.7132684}
  m_LocalPosition: {x: -0.14085898, y: 0, z: 0}
  m_LocalScale: {x: 1, y: 1.0000001, z: 1}
  m_Children:
  - {fileID: 4123780854708056}
  m_Father: {fileID: 4400874118739186}
  m_RootOrder: 0
  m_LocalEulerAnglesHint: {x: 0, y: 0, z: 0}
--- !u!4 &4909667661860118
Transform:
  m_ObjectHideFlags: 1
  m_CorrespondingSourceObject: {fileID: 0}
  m_PrefabInternal: {fileID: 100100000}
  m_GameObject: {fileID: 1312065484104948}
  m_LocalRotation: {x: 0.001898961, y: 0.049943697, z: 0.045870744, w: 0.99769634}
  m_LocalPosition: {x: -0.09047996, y: 0.00000796318, z: 0.010003986}
  m_LocalScale: {x: 1, y: 1.0000005, z: 0.99999964}
  m_Children:
  - {fileID: 4346056266333792}
  m_Father: {fileID: 4340940646995492}
  m_RootOrder: 3
  m_LocalEulerAnglesHint: {x: 0, y: 0, z: 0}
--- !u!4 &4914500651335752
Transform:
  m_ObjectHideFlags: 1
  m_CorrespondingSourceObject: {fileID: 0}
  m_PrefabInternal: {fileID: 100100000}
  m_GameObject: {fileID: 1533357115899448}
  m_LocalRotation: {x: -0.000000017262272, y: -0.000000028499779, z: -0.080863014,
    w: 0.99672526}
  m_LocalPosition: {x: -0.031297036, y: 0, z: 0}
  m_LocalScale: {x: 0.99999994, y: 1, z: 1}
  m_Children:
  - {fileID: 4966475402255190}
  m_Father: {fileID: 4140815239728838}
  m_RootOrder: 0
  m_LocalEulerAnglesHint: {x: 0, y: 0, z: 0}
--- !u!4 &4919037142805574
Transform:
  m_ObjectHideFlags: 1
  m_CorrespondingSourceObject: {fileID: 0}
  m_PrefabInternal: {fileID: 100100000}
  m_GameObject: {fileID: 1279500362916708}
  m_LocalRotation: {x: 0, y: 0, z: -0.11640206, w: 0.9932022}
  m_LocalPosition: {x: -0.04023903, y: 0, z: 0.000000009536743}
  m_LocalScale: {x: 0.99999994, y: 1, z: 1}
  m_Children: []
  m_Father: {fileID: 4634643697050078}
  m_RootOrder: 0
  m_LocalEulerAnglesHint: {x: 0, y: 0, z: 0}
--- !u!4 &4920474610965428
Transform:
  m_ObjectHideFlags: 1
  m_CorrespondingSourceObject: {fileID: 0}
  m_PrefabInternal: {fileID: 100100000}
  m_GameObject: {fileID: 1927980838504754}
  m_LocalRotation: {x: -0.00009218514, y: -0.01197649, z: -0.06004973, w: 0.9981235}
  m_LocalPosition: {x: -0.39448705, y: 0.0000000047683715, z: -0.000000009536743}
  m_LocalScale: {x: 1.0000001, y: 1.0000001, z: 1.0000001}
  m_Children:
  - {fileID: 4961996989915098}
  m_Father: {fileID: 4840944800489866}
  m_RootOrder: 0
  m_LocalEulerAnglesHint: {x: 0, y: 0, z: 0}
--- !u!4 &4930496295019220
Transform:
  m_ObjectHideFlags: 1
  m_CorrespondingSourceObject: {fileID: 0}
  m_PrefabInternal: {fileID: 100100000}
  m_GameObject: {fileID: 1535463393056100}
  m_LocalRotation: {x: -7.3040705e-13, y: -7.3040705e-13, z: -0.7071068, w: 0.7071068}
  m_LocalPosition: {x: -0.105771, y: 0.124354005, z: -0.007907009}
  m_LocalScale: {x: 1, y: 1, z: 1}
  m_Children:
  - {fileID: 4967028371337086}
  m_Father: {fileID: 4088874823977208}
  m_RootOrder: 0
  m_LocalEulerAnglesHint: {x: 0, y: 0, z: 0}
--- !u!4 &4933192747725426
Transform:
  m_ObjectHideFlags: 1
  m_CorrespondingSourceObject: {fileID: 0}
  m_PrefabInternal: {fileID: 100100000}
  m_GameObject: {fileID: 1405655049022676}
  m_LocalRotation: {x: -0.000000001416352, y: 0.0000000039167833, z: -0.11640208,
    w: 0.9932022}
  m_LocalPosition: {x: -0.02874199, y: 0, z: -0.000000009536743}
  m_LocalScale: {x: 0.9999998, y: 0.9999999, z: 1}
  m_Children: []
  m_Father: {fileID: 4433917583778774}
  m_RootOrder: 0
  m_LocalEulerAnglesHint: {x: 0, y: 0, z: 0}
--- !u!4 &4961996989915098
Transform:
  m_ObjectHideFlags: 1
  m_CorrespondingSourceObject: {fileID: 0}
  m_PrefabInternal: {fileID: 100100000}
  m_GameObject: {fileID: 1055115789683340}
  m_LocalRotation: {x: -7.3040705e-13, y: -7.3040705e-13, z: -0.7071068, w: 0.7071068}
  m_LocalPosition: {x: -0.105771, y: 0.124354, z: 0.00790699}
  m_LocalScale: {x: 1, y: 1, z: 1}
  m_Children:
  - {fileID: 4047476621264984}
  m_Father: {fileID: 4920474610965428}
  m_RootOrder: 0
  m_LocalEulerAnglesHint: {x: 0, y: 0, z: 0}
--- !u!4 &4966387381319884
Transform:
  m_ObjectHideFlags: 1
  m_CorrespondingSourceObject: {fileID: 0}
  m_PrefabInternal: {fileID: 100100000}
  m_GameObject: {fileID: 1927558170441692}
  m_LocalRotation: {x: -0.0000020804748, y: 0.00000069368144, z: -0.00039815897, w: 0.99999994}
  m_LocalPosition: {x: -0.10577103, y: -0.00012689609, z: 0.00000014686957}
  m_LocalScale: {x: 1.0000001, y: 1.0000001, z: 1}
  m_Children:
  - {fileID: 4665351076105554}
  m_Father: {fileID: 4483262569975514}
  m_RootOrder: 2
  m_LocalEulerAnglesHint: {x: 0, y: 0, z: 0}
--- !u!4 &4966475402255190
Transform:
  m_ObjectHideFlags: 1
  m_CorrespondingSourceObject: {fileID: 0}
  m_PrefabInternal: {fileID: 100100000}
  m_GameObject: {fileID: 1697779876940002}
  m_LocalRotation: {x: 0.002457991, y: 0.052998044, z: -0.18564107, w: 0.98118424}
  m_LocalPosition: {x: -0.029917106, y: 0.000000038146972, z: 0}
  m_LocalScale: {x: 1, y: 0.9999999, z: 0.99999994}
  m_Children: []
  m_Father: {fileID: 4914500651335752}
  m_RootOrder: 0
  m_LocalEulerAnglesHint: {x: 0, y: 0, z: 0}
--- !u!4 &4967028371337086
Transform:
  m_ObjectHideFlags: 1
  m_CorrespondingSourceObject: {fileID: 0}
  m_PrefabInternal: {fileID: 100100000}
  m_GameObject: {fileID: 1594901416741742}
  m_LocalRotation: {x: -1.8789278e-24, y: -1.0329515e-12, z: -1.8189894e-12, w: 1}
  m_LocalPosition: {x: -0.02978199, y: 0, z: 0}
  m_LocalScale: {x: 1, y: 1, z: 1}
  m_Children:
  - {fileID: 4068738254878050}
  m_Father: {fileID: 4930496295019220}
  m_RootOrder: 0
  m_LocalEulerAnglesHint: {x: 0, y: 0, z: 0}
--- !u!4 &4967107579937672
Transform:
  m_ObjectHideFlags: 1
  m_CorrespondingSourceObject: {fileID: 0}
  m_PrefabInternal: {fileID: 100100000}
  m_GameObject: {fileID: 1273002614692362}
  m_LocalRotation: {x: -0.0018989616, y: -0.049943693, z: 0.045870747, w: 0.99769634}
  m_LocalPosition: {x: -0.09048004, y: 0.000007965565, z: -0.010003986}
  m_LocalScale: {x: 1, y: 1.0000005, z: 0.99999976}
  m_Children:
  - {fileID: 4620960203505798}
  m_Father: {fileID: 4824732182859188}
  m_RootOrder: 4
  m_LocalEulerAnglesHint: {x: 0, y: 0, z: 0}
--- !u!4 &4972955836344504
Transform:
  m_ObjectHideFlags: 1
  m_CorrespondingSourceObject: {fileID: 0}
  m_PrefabInternal: {fileID: 100100000}
  m_GameObject: {fileID: 1299286788818818}
  m_LocalRotation: {x: 1.4142634e-11, y: 0.0000002417383, z: -0.08715579, w: 0.9961947}
  m_LocalPosition: {x: -0.1594319, y: -0.00011442594, z: -2.9802322e-10}
  m_LocalScale: {x: 1, y: 0.99999994, z: 1}
  m_Children:
  - {fileID: 4561662206864446}
  - {fileID: 4896662211351084}
  - {fileID: 4400874118739186}
  m_Father: {fileID: 4215209044195778}
  m_RootOrder: 0
  m_LocalEulerAnglesHint: {x: 0, y: 0, z: 0}
--- !u!4 &4981664503169042
Transform:
  m_ObjectHideFlags: 1
  m_CorrespondingSourceObject: {fileID: 0}
  m_PrefabInternal: {fileID: 100100000}
  m_GameObject: {fileID: 1494302162821842}
  m_LocalRotation: {x: -0, y: 0.6217006, z: -0, w: 0.78325504}
  m_LocalPosition: {x: 30.97, y: 0.53301525, z: -9.27}
  m_LocalScale: {x: 2, y: 2, z: 2}
  m_Children:
  - {fileID: 4330117874254100}
  - {fileID: 4593204669496800}
  - {fileID: 4046060244297340}
  m_Father: {fileID: 0}
  m_RootOrder: 0
  m_LocalEulerAnglesHint: {x: 0, y: 76.881004, z: 0}
--- !u!23 &23605640997580620
MeshRenderer:
  m_ObjectHideFlags: 1
  m_CorrespondingSourceObject: {fileID: 0}
  m_PrefabInternal: {fileID: 100100000}
  m_GameObject: {fileID: 1666186558902974}
  m_Enabled: 1
  m_CastShadows: 1
  m_ReceiveShadows: 1
  m_DynamicOccludee: 1
  m_MotionVectors: 1
  m_LightProbeUsage: 1
  m_ReflectionProbeUsage: 1
  m_RenderingLayerMask: 4294967295
  m_Materials:
  - {fileID: 2100000, guid: 80f817dec3ea08a40a7e2e0253d2d6b3, type: 2}
  m_StaticBatchInfo:
    firstSubMesh: 0
    subMeshCount: 0
  m_StaticBatchRoot: {fileID: 0}
  m_ProbeAnchor: {fileID: 0}
  m_LightProbeVolumeOverride: {fileID: 0}
  m_ScaleInLightmap: 1
  m_PreserveUVs: 0
  m_IgnoreNormalsForChartDetection: 0
  m_ImportantGI: 0
  m_StitchLightmapSeams: 0
  m_SelectedEditorRenderState: 3
  m_MinimumChartSize: 4
  m_AutoUVMaxDistance: 0.5
  m_AutoUVMaxAngle: 89
  m_LightmapParameters: {fileID: 0}
  m_SortingLayerID: 0
  m_SortingLayer: 0
  m_SortingOrder: 0
--- !u!23 &23609800905092838
MeshRenderer:
  m_ObjectHideFlags: 1
  m_CorrespondingSourceObject: {fileID: 0}
  m_PrefabInternal: {fileID: 100100000}
  m_GameObject: {fileID: 1726454478431144}
  m_Enabled: 1
  m_CastShadows: 1
  m_ReceiveShadows: 1
  m_DynamicOccludee: 1
  m_MotionVectors: 1
  m_LightProbeUsage: 1
  m_ReflectionProbeUsage: 1
  m_RenderingLayerMask: 4294967295
  m_Materials:
  - {fileID: 2100000, guid: 180dc880d65cd8047af813092f3a8285, type: 2}
  m_StaticBatchInfo:
    firstSubMesh: 0
    subMeshCount: 0
  m_StaticBatchRoot: {fileID: 0}
  m_ProbeAnchor: {fileID: 0}
  m_LightProbeVolumeOverride: {fileID: 0}
  m_ScaleInLightmap: 1
  m_PreserveUVs: 0
  m_IgnoreNormalsForChartDetection: 0
  m_ImportantGI: 0
  m_StitchLightmapSeams: 0
  m_SelectedEditorRenderState: 3
  m_MinimumChartSize: 4
  m_AutoUVMaxDistance: 0.5
  m_AutoUVMaxAngle: 89
  m_LightmapParameters: {fileID: 0}
  m_SortingLayerID: 0
  m_SortingLayer: 0
  m_SortingOrder: 0
--- !u!23 &23748571452274036
MeshRenderer:
  m_ObjectHideFlags: 1
  m_CorrespondingSourceObject: {fileID: 0}
  m_PrefabInternal: {fileID: 100100000}
  m_GameObject: {fileID: 1085275011538600}
  m_Enabled: 1
  m_CastShadows: 1
  m_ReceiveShadows: 1
  m_DynamicOccludee: 1
  m_MotionVectors: 1
  m_LightProbeUsage: 1
  m_ReflectionProbeUsage: 1
  m_RenderingLayerMask: 4294967295
  m_Materials:
  - {fileID: 2100000, guid: f135a272fa3003248a8531c322403c30, type: 2}
  m_StaticBatchInfo:
    firstSubMesh: 0
    subMeshCount: 0
  m_StaticBatchRoot: {fileID: 0}
  m_ProbeAnchor: {fileID: 0}
  m_LightProbeVolumeOverride: {fileID: 0}
  m_ScaleInLightmap: 1
  m_PreserveUVs: 0
  m_IgnoreNormalsForChartDetection: 0
  m_ImportantGI: 0
  m_StitchLightmapSeams: 0
  m_SelectedEditorRenderState: 3
  m_MinimumChartSize: 4
  m_AutoUVMaxDistance: 0.5
  m_AutoUVMaxAngle: 89
  m_LightmapParameters: {fileID: 0}
  m_SortingLayerID: 0
  m_SortingLayer: 0
  m_SortingOrder: 0
--- !u!23 &23927481623962992
MeshRenderer:
  m_ObjectHideFlags: 1
  m_CorrespondingSourceObject: {fileID: 0}
  m_PrefabInternal: {fileID: 100100000}
  m_GameObject: {fileID: 1802657325606672}
  m_Enabled: 1
  m_CastShadows: 1
  m_ReceiveShadows: 1
  m_DynamicOccludee: 1
  m_MotionVectors: 1
  m_LightProbeUsage: 1
  m_ReflectionProbeUsage: 1
  m_RenderingLayerMask: 4294967295
  m_Materials:
  - {fileID: 2100000, guid: 4ce0de698edc7f649adbf510cab0710c, type: 2}
  m_StaticBatchInfo:
    firstSubMesh: 0
    subMeshCount: 0
  m_StaticBatchRoot: {fileID: 0}
  m_ProbeAnchor: {fileID: 0}
  m_LightProbeVolumeOverride: {fileID: 0}
  m_ScaleInLightmap: 1
  m_PreserveUVs: 0
  m_IgnoreNormalsForChartDetection: 0
  m_ImportantGI: 0
  m_StitchLightmapSeams: 0
  m_SelectedEditorRenderState: 3
  m_MinimumChartSize: 4
  m_AutoUVMaxDistance: 0.5
  m_AutoUVMaxAngle: 89
  m_LightmapParameters: {fileID: 0}
  m_SortingLayerID: 0
  m_SortingLayer: 0
  m_SortingOrder: 0
--- !u!23 &23938637900994598
MeshRenderer:
  m_ObjectHideFlags: 1
  m_CorrespondingSourceObject: {fileID: 0}
  m_PrefabInternal: {fileID: 100100000}
  m_GameObject: {fileID: 1579484966288654}
  m_Enabled: 1
  m_CastShadows: 1
  m_ReceiveShadows: 1
  m_DynamicOccludee: 1
  m_MotionVectors: 1
  m_LightProbeUsage: 1
  m_ReflectionProbeUsage: 1
  m_RenderingLayerMask: 4294967295
  m_Materials:
  - {fileID: 2100000, guid: 3fce653f52e5d834eb36e2c05268f391, type: 2}
  m_StaticBatchInfo:
    firstSubMesh: 0
    subMeshCount: 0
  m_StaticBatchRoot: {fileID: 0}
  m_ProbeAnchor: {fileID: 0}
  m_LightProbeVolumeOverride: {fileID: 0}
  m_ScaleInLightmap: 1
  m_PreserveUVs: 0
  m_IgnoreNormalsForChartDetection: 0
  m_ImportantGI: 0
  m_StitchLightmapSeams: 0
  m_SelectedEditorRenderState: 3
  m_MinimumChartSize: 4
  m_AutoUVMaxDistance: 0.5
  m_AutoUVMaxAngle: 89
  m_LightmapParameters: {fileID: 0}
  m_SortingLayerID: 0
  m_SortingLayer: 0
  m_SortingOrder: 0
--- !u!33 &33033508814843878
MeshFilter:
  m_ObjectHideFlags: 1
  m_CorrespondingSourceObject: {fileID: 0}
  m_PrefabInternal: {fileID: 100100000}
  m_GameObject: {fileID: 1666186558902974}
  m_Mesh: {fileID: 4300004, guid: 9c1b707b80c272f42b8f152b1ca7b827, type: 3}
--- !u!33 &33187087614795254
MeshFilter:
  m_ObjectHideFlags: 1
  m_CorrespondingSourceObject: {fileID: 0}
  m_PrefabInternal: {fileID: 100100000}
  m_GameObject: {fileID: 1802657325606672}
  m_Mesh: {fileID: 4300006, guid: 9c1b707b80c272f42b8f152b1ca7b827, type: 3}
--- !u!33 &33191769495339342
MeshFilter:
  m_ObjectHideFlags: 1
  m_CorrespondingSourceObject: {fileID: 0}
  m_PrefabInternal: {fileID: 100100000}
  m_GameObject: {fileID: 1726454478431144}
  m_Mesh: {fileID: 4300008, guid: 9c1b707b80c272f42b8f152b1ca7b827, type: 3}
--- !u!33 &33377672873178502
MeshFilter:
  m_ObjectHideFlags: 1
  m_CorrespondingSourceObject: {fileID: 0}
  m_PrefabInternal: {fileID: 100100000}
  m_GameObject: {fileID: 1085275011538600}
  m_Mesh: {fileID: 4300012, guid: 9c1b707b80c272f42b8f152b1ca7b827, type: 3}
--- !u!33 &33877603652463714
MeshFilter:
  m_ObjectHideFlags: 1
  m_CorrespondingSourceObject: {fileID: 0}
  m_PrefabInternal: {fileID: 100100000}
  m_GameObject: {fileID: 1579484966288654}
  m_Mesh: {fileID: 4300010, guid: 9c1b707b80c272f42b8f152b1ca7b827, type: 3}
--- !u!95 &95439699397937092
Animator:
  serializedVersion: 3
  m_ObjectHideFlags: 1
  m_CorrespondingSourceObject: {fileID: 0}
  m_PrefabInternal: {fileID: 100100000}
  m_GameObject: {fileID: 1494302162821842}
  m_Enabled: 1
  m_Avatar: {fileID: 9000000, guid: 9c1b707b80c272f42b8f152b1ca7b827, type: 3}
  m_Controller: {fileID: 9100000, guid: 4a2c4dbee89a409448f8149b5657867f, type: 2}
  m_CullingMode: 0
  m_UpdateMode: 0
  m_ApplyRootMotion: 0
  m_LinearVelocityBlending: 0
  m_WarningMessage: 
  m_HasTransformHierarchy: 1
  m_AllowConstantClipSamplingOptimization: 1
  m_KeepAnimatorControllerStateOnDisable: 0
--- !u!114 &114310479494612102
MonoBehaviour:
  m_ObjectHideFlags: 1
  m_CorrespondingSourceObject: {fileID: 0}
  m_PrefabInternal: {fileID: 100100000}
  m_GameObject: {fileID: 1494302162821842}
  m_Enabled: 1
  m_EditorHideFlags: 0
  m_Script: {fileID: 11500000, guid: 8acf6f4289946be4e9ce72ce0ec200f5, type: 3}
  m_Name: 
  m_EditorClassIdentifier: 
  internal_Enabled: 0
  internal_ExecutionOrder: 0
  DEBUG_MOD: 0
  DebugLines: {fileID: 0}
  UnderControll: 0
  GroupControll: 0
  Controllable: 0
  Info: {fileID: 11400000, guid: fd9d7d790636bde4c8e3dccefbdb4a16, type: 2}
  transformBeh:
    BackSpeed: 0
    ForwardSpeed: 0
    SteerSpeed: 0
    waypoints: []
  soulBeh:
    Life: 100
    Mana: 30
    Armour: 0
    Strength: 1
    Agility: 40
  organBeh:
    LookSphereRadius: 30
  MainAbilities:
  - {fileID: 11400000, guid: 5a76575adfbaad54c9b262d21039c2e0, type: 2}
  - {fileID: 0}
  - {fileID: 0}
  - {fileID: 0}
  - {fileID: 0}
  BornAbilities:
  - {fileID: 0}
  - {fileID: 0}
  BaffAbilities: []
  Target: {fileID: 0}
  LastDamager: {fileID: 0}
  status: 0
  astatus: 0
  BehaviorTime: 1500
  animstatus: 0
  Type: Skeleton
  Team: Hero
  IsTrooper: 0
  Height: 0
  waypoints: []
  ICF_Instance: {fileID: 11400000, guid: 2a06c40231d6c014a90bd3a5dca9418f, type: 2}
  CAstatus: 1
--- !u!135 &135071194438706200
SphereCollider:
  m_ObjectHideFlags: 1
  m_CorrespondingSourceObject: {fileID: 0}
  m_PrefabInternal: {fileID: 100100000}
  m_GameObject: {fileID: 1494302162821842}
  m_Material: {fileID: 0}
  m_IsTrigger: 0
  m_Enabled: 1
  serializedVersion: 2
  m_Radius: 0.59
  m_Center: {x: 0, y: 1.27, z: 0}
--- !u!137 &137259484753678898
SkinnedMeshRenderer:
  m_ObjectHideFlags: 1
  m_CorrespondingSourceObject: {fileID: 0}
  m_PrefabInternal: {fileID: 100100000}
  m_GameObject: {fileID: 1733786242194958}
  m_Enabled: 1
  m_CastShadows: 1
  m_ReceiveShadows: 1
  m_DynamicOccludee: 1
  m_MotionVectors: 1
  m_LightProbeUsage: 1
  m_ReflectionProbeUsage: 1
  m_RenderingLayerMask: 4294967295
  m_Materials:
  - {fileID: 2100000, guid: 3fce653f52e5d834eb36e2c05268f391, type: 2}
  m_StaticBatchInfo:
    firstSubMesh: 0
    subMeshCount: 0
  m_StaticBatchRoot: {fileID: 0}
  m_ProbeAnchor: {fileID: 0}
  m_LightProbeVolumeOverride: {fileID: 0}
  m_ScaleInLightmap: 1
  m_PreserveUVs: 0
  m_IgnoreNormalsForChartDetection: 0
  m_ImportantGI: 0
  m_StitchLightmapSeams: 0
  m_SelectedEditorRenderState: 3
  m_MinimumChartSize: 4
  m_AutoUVMaxDistance: 0.5
  m_AutoUVMaxAngle: 89
  m_LightmapParameters: {fileID: 0}
  m_SortingLayerID: 0
  m_SortingLayer: 0
  m_SortingOrder: 0
  serializedVersion: 2
  m_Quality: 0
  m_UpdateWhenOffscreen: 0
  m_SkinnedMotionVectors: 1
  m_Mesh: {fileID: 4300002, guid: 9c1b707b80c272f42b8f152b1ca7b827, type: 3}
  m_Bones:
  - {fileID: 4561662206864446}
  - {fileID: 4722431613942992}
  - {fileID: 4215209044195778}
  - {fileID: 4907599669888552}
  - {fileID: 4665351076105554}
  - {fileID: 4400874118739186}
  - {fileID: 4123780854708056}
  - {fileID: 4972955836344504}
  - {fileID: 4896662211351084}
  - {fileID: 4483262569975514}
  - {fileID: 4261238174533284}
  - {fileID: 4213859154359292}
  - {fileID: 4077690744860834}
  - {fileID: 4353594357936352}
  - {fileID: 4966387381319884}
  - {fileID: 4659000530193820}
  - {fileID: 4630257724227778}
  - {fileID: 4609726475244332}
  - {fileID: 4240150757102294}
  - {fileID: 4320098153369678}
  - {fileID: 4966475402255190}
  - {fileID: 4528449667211616}
  - {fileID: 4914500651335752}
  - {fileID: 4140815239728838}
  - {fileID: 4340940646995492}
  - {fileID: 4531909301625272}
  - {fileID: 4136589722417958}
  - {fileID: 4008907505828824}
  - {fileID: 4634643697050078}
  - {fileID: 4919037142805574}
  - {fileID: 4449585663716108}
  - {fileID: 4856494723728648}
  - {fileID: 4151790825153028}
  - {fileID: 4329233108589414}
  - {fileID: 4824732182859188}
  - {fileID: 4967107579937672}
  - {fileID: 4620960203505798}
  - {fileID: 4873875483177634}
  - {fileID: 4332893056992442}
  - {fileID: 4896023589420166}
  - {fileID: 4075170042007388}
  - {fileID: 4909667661860118}
  - {fileID: 4346056266333792}
  - {fileID: 4433917583778774}
  - {fileID: 4303488455753986}
  - {fileID: 4176356105779934}
  - {fileID: 4933192747725426}
  - {fileID: 4578007846469782}
  - {fileID: 4088874823977208}
  - {fileID: 4840944800489866}
  - {fileID: 4920474610965428}
  - {fileID: 4930496295019220}
  - {fileID: 4967028371337086}
  - {fileID: 4068738254878050}
  - {fileID: 4961996989915098}
  - {fileID: 4047476621264984}
  - {fileID: 4754742349809090}
  m_BlendShapeWeights: []
  m_RootBone: {fileID: 4483262569975514}
  m_AABB:
    m_Center: {x: -0.18319416, y: 0.12243301, z: -0.037394434}
    m_Extent: {x: 1.2465942, y: 0.98414856, z: 0.9199326}
  m_DirtyAABB: 0
--- !u!137 &137855845194861674
SkinnedMeshRenderer:
  m_ObjectHideFlags: 1
  m_CorrespondingSourceObject: {fileID: 0}
  m_PrefabInternal: {fileID: 100100000}
  m_GameObject: {fileID: 1277180023873408}
  m_Enabled: 1
  m_CastShadows: 1
  m_ReceiveShadows: 1
  m_DynamicOccludee: 1
  m_MotionVectors: 1
  m_LightProbeUsage: 1
  m_ReflectionProbeUsage: 1
  m_RenderingLayerMask: 4294967295
  m_Materials:
  - {fileID: 2100000, guid: 6ecdee6a572ade7429575e9177de7d6d, type: 2}
  m_StaticBatchInfo:
    firstSubMesh: 0
    subMeshCount: 0
  m_StaticBatchRoot: {fileID: 0}
  m_ProbeAnchor: {fileID: 0}
  m_LightProbeVolumeOverride: {fileID: 0}
  m_ScaleInLightmap: 1
  m_PreserveUVs: 0
  m_IgnoreNormalsForChartDetection: 0
  m_ImportantGI: 0
  m_StitchLightmapSeams: 0
  m_SelectedEditorRenderState: 3
  m_MinimumChartSize: 4
  m_AutoUVMaxDistance: 0.5
  m_AutoUVMaxAngle: 89
  m_LightmapParameters: {fileID: 0}
  m_SortingLayerID: 0
  m_SortingLayer: 0
  m_SortingOrder: 0
  serializedVersion: 2
  m_Quality: 0
  m_UpdateWhenOffscreen: 0
  m_SkinnedMotionVectors: 1
  m_Mesh: {fileID: 4300000, guid: 9c1b707b80c272f42b8f152b1ca7b827, type: 3}
  m_Bones:
  - {fileID: 4665351076105554}
  - {fileID: 4215209044195778}
  - {fileID: 4561662206864446}
  - {fileID: 4722431613942992}
  - {fileID: 4907599669888552}
  - {fileID: 4400874118739186}
  m_BlendShapeWeights: []
  m_RootBone: {fileID: 4665351076105554}
  m_AABB:
    m_Center: {x: -0.25240624, y: 0.044511084, z: -0.00010302663}
    m_Extent: {x: 0.17291504, y: 0.1493774, z: 0.27256006}
  m_DirtyAABB: 0
--- !u!195 &195489260487126682
NavMeshAgent:
  m_ObjectHideFlags: 1
  m_CorrespondingSourceObject: {fileID: 0}
  m_PrefabInternal: {fileID: 100100000}
  m_GameObject: {fileID: 1494302162821842}
  m_Enabled: 1
  m_AgentTypeID: 0
  m_Radius: 0.66
  m_Speed: 9
  m_Acceleration: 40
  avoidancePriority: 50
  m_AngularSpeed: 500
  m_StoppingDistance: 3
  m_AutoTraverseOffMeshLink: 1
  m_AutoBraking: 1
  m_AutoRepath: 1
  m_Height: 1.87
  m_BaseOffset: 0
  m_WalkableMask: 4294967295
  m_ObstacleAvoidanceType: 4
